timestamp,lastUpdateId,type,price,quantity
2025-04-11 17:56:51.140874,66512025448,bid,81963.05000000,3.14137000
2025-04-11 17:56:51.140874,66512025448,bid,81963.04000000,0.00059000
2025-04-11 17:56:51.140874,66512025448,bid,81963.03000000,0.28493000
2025-04-11 17:56:51.140874,66512025448,bid,81963.02000000,0.80576000
2025-04-11 17:56:51.140874,66512025448,bid,81962.74000000,0.00007000
2025-04-11 17:56:51.140874,66512025448,bid,81962.61000000,0.00045000
2025-04-11 17:56:51.140874,66512025448,bid,81962.56000000,0.00209000
2025-04-11 17:56:51.140874,66512025448,bid,81962.55000000,0.00007000
2025-04-11 17:56:51.140874,66512025448,bid,81962.47000000,0.04892000
2025-04-11 17:56:51.140874,66512025448,bid,81961.20000000,0.00007000
2025-04-11 17:56:51.140874,66512025448,bid,81960.22000000,0.00610000
2025-04-11 17:56:51.140874,66512025448,bid,81960.21000000,0.01140000
2025-04-11 17:56:51.140874,66512025448,bid,81960.00000000,0.00007000
2025-04-11 17:56:51.140874,66512025448,bid,81959.93000000,0.00008000
2025-04-11 17:56:51.140874,66512025448,bid,81959.68000000,0.00007000
2025-04-11 17:56:51.140874,66512025448,bid,81959.39000000,0.04892000
2025-04-11 17:56:51.140874,66512025448,bid,81959.29000000,0.00038000
2025-04-11 17:56:51.140874,66512025448,bid,81959.27000000,0.02477000
2025-04-11 17:56:51.140874,66512025448,bid,81959.14000000,0.00007000
2025-04-11 17:56:51.140874,66512025448,bid,81958.33000000,0.39124000
2025-04-11 17:56:51.140874,66512025448,ask,81963.06000000,1.89959000
2025-04-11 17:56:51.140874,66512025448,ask,81963.07000000,0.03086000
2025-04-11 17:56:51.140874,66512025448,ask,81963.17000000,0.00015000
2025-04-11 17:56:51.140874,66512025448,ask,81963.20000000,0.00007000
2025-04-11 17:56:51.140874,66512025448,ask,81963.22000000,0.00480000
2025-04-11 17:56:51.140874,66512025448,ask,81963.24000000,0.00007000
2025-04-11 17:56:51.140874,66512025448,ask,81963.52000000,0.16008000
2025-04-11 17:56:51.140874,66512025448,ask,81963.55000000,0.00007000
2025-04-11 17:56:51.140874,66512025448,ask,81963.99000000,0.27219000
2025-04-11 17:56:51.140874,66512025448,ask,81964.00000000,0.06247000
2025-04-11 17:56:51.140874,66512025448,ask,81965.52000000,0.80567000
2025-04-11 17:56:51.140874,66512025448,ask,81965.71000000,0.00007000
2025-04-11 17:56:51.140874,66512025448,ask,81965.90000000,0.01320000
2025-04-11 17:56:51.140874,66512025448,ask,81965.91000000,0.00007000
2025-04-11 17:56:51.140874,66512025448,ask,81966.00000000,0.06247000
2025-04-11 17:56:51.140874,66512025448,ask,81967.05000000,0.00007000
2025-04-11 17:56:51.140874,66512025448,ask,81967.33000000,0.00201000
2025-04-11 17:56:51.140874,66512025448,ask,81967.36000000,0.00008000
2025-04-11 17:56:51.140874,66512025448,ask,81967.95000000,0.01976000
2025-04-11 17:56:51.140874,66512025448,ask,81967.97000000,0.00012000
2025-04-11 17:56:51.243074,66512025539,bid,81963.05000000,3.18747000
2025-04-11 17:56:51.243074,66512025539,bid,81963.04000000,0.00059000
2025-04-11 17:56:51.243074,66512025539,bid,81963.03000000,0.28493000
2025-04-11 17:56:51.243074,66512025539,bid,81963.02000000,0.80576000
2025-04-11 17:56:51.243074,66512025539,bid,81962.74000000,0.00007000
2025-04-11 17:56:51.243074,66512025539,bid,81962.61000000,0.00045000
2025-04-11 17:56:51.243074,66512025539,bid,81962.56000000,0.00209000
2025-04-11 17:56:51.243074,66512025539,bid,81962.55000000,0.00007000
2025-04-11 17:56:51.243074,66512025539,bid,81962.47000000,0.04892000
2025-04-11 17:56:51.243074,66512025539,bid,81961.20000000,0.00007000
2025-04-11 17:56:51.243074,66512025539,bid,81960.21000000,0.01140000
2025-04-11 17:56:51.243074,66512025539,bid,81960.00000000,0.00007000
2025-04-11 17:56:51.243074,66512025539,bid,81959.93000000,0.00008000
2025-04-11 17:56:51.243074,66512025539,bid,81959.68000000,0.00007000
2025-04-11 17:56:51.243074,66512025539,bid,81959.39000000,0.04892000
2025-04-11 17:56:51.243074,66512025539,bid,81959.29000000,0.00038000
2025-04-11 17:56:51.243074,66512025539,bid,81959.27000000,0.02477000
2025-04-11 17:56:51.243074,66512025539,bid,81959.14000000,0.00007000
2025-04-11 17:56:51.243074,66512025539,bid,81958.33000000,0.88171000
2025-04-11 17:56:51.243074,66512025539,bid,81958.16000000,0.01707000
2025-04-11 17:56:51.243074,66512025539,ask,81963.06000000,0.53213000
2025-04-11 17:56:51.243074,66512025539,ask,81963.07000000,0.03086000
2025-04-11 17:56:51.243074,66512025539,ask,81963.17000000,0.00007000
2025-04-11 17:56:51.243074,66512025539,ask,81963.20000000,0.00007000
2025-04-11 17:56:51.243074,66512025539,ask,81963.22000000,0.00480000
2025-04-11 17:56:51.243074,66512025539,ask,81963.24000000,0.00014000
2025-04-11 17:56:51.243074,66512025539,ask,81963.52000000,0.00007000
2025-04-11 17:56:51.243074,66512025539,ask,81963.55000000,0.00007000
2025-04-11 17:56:51.243074,66512025539,ask,81964.06000000,0.00007000
2025-04-11 17:56:51.243074,66512025539,ask,81965.71000000,0.00007000
2025-04-11 17:56:51.243074,66512025539,ask,81965.74000000,0.00008000
2025-04-11 17:56:51.243074,66512025539,ask,81965.90000000,0.01320000
2025-04-11 17:56:51.243074,66512025539,ask,81965.91000000,0.00007000
2025-04-11 17:56:51.243074,66512025539,ask,81966.00000000,0.06247000
2025-04-11 17:56:51.243074,66512025539,ask,81967.05000000,0.00007000
2025-04-11 17:56:51.243074,66512025539,ask,81967.33000000,0.00201000
2025-04-11 17:56:51.243074,66512025539,ask,81967.36000000,0.00008000
2025-04-11 17:56:51.243074,66512025539,ask,81967.95000000,0.01976000
2025-04-11 17:56:51.243074,66512025539,ask,81967.97000000,0.00012000
2025-04-11 17:56:51.243074,66512025539,ask,81967.99000000,0.04559000
2025-04-11 17:56:51.340475,66512025627,bid,81963.05000000,3.18697000
2025-04-11 17:56:51.340475,66512025627,bid,81963.04000000,0.00059000
2025-04-11 17:56:51.340475,66512025627,bid,81963.03000000,0.28493000
2025-04-11 17:56:51.340475,66512025627,bid,81963.02000000,0.80576000
2025-04-11 17:56:51.340475,66512025627,bid,81962.74000000,0.00007000
2025-04-11 17:56:51.340475,66512025627,bid,81962.61000000,0.00045000
2025-04-11 17:56:51.340475,66512025627,bid,81962.56000000,0.00209000
2025-04-11 17:56:51.340475,66512025627,bid,81962.55000000,0.00007000
2025-04-11 17:56:51.340475,66512025627,bid,81962.47000000,0.04892000
2025-04-11 17:56:51.340475,66512025627,bid,81961.20000000,0.00007000
2025-04-11 17:56:51.340475,66512025627,bid,81960.21000000,0.01140000
2025-04-11 17:56:51.340475,66512025627,bid,81960.00000000,0.00007000
2025-04-11 17:56:51.340475,66512025627,bid,81959.93000000,0.00008000
2025-04-11 17:56:51.340475,66512025627,bid,81959.68000000,0.00007000
2025-04-11 17:56:51.340475,66512025627,bid,81959.39000000,0.04892000
2025-04-11 17:56:51.340475,66512025627,bid,81959.29000000,0.00038000
2025-04-11 17:56:51.340475,66512025627,bid,81959.27000000,0.02477000
2025-04-11 17:56:51.340475,66512025627,bid,81959.14000000,0.00007000
2025-04-11 17:56:51.340475,66512025627,bid,81958.33000000,0.88171000
2025-04-11 17:56:51.340475,66512025627,bid,81958.16000000,0.01707000
2025-04-11 17:56:51.340475,66512025627,ask,81963.06000000,0.52998000
2025-04-11 17:56:51.340475,66512025627,ask,81963.07000000,0.03086000
2025-04-11 17:56:51.340475,66512025627,ask,81963.17000000,0.00007000
2025-04-11 17:56:51.340475,66512025627,ask,81963.20000000,0.00007000
2025-04-11 17:56:51.340475,66512025627,ask,81963.22000000,0.00480000
2025-04-11 17:56:51.340475,66512025627,ask,81963.24000000,0.00014000
2025-04-11 17:56:51.340475,66512025627,ask,81963.52000000,0.00007000
2025-04-11 17:56:51.340475,66512025627,ask,81963.55000000,0.00007000
2025-04-11 17:56:51.340475,66512025627,ask,81965.90000000,0.01320000
2025-04-11 17:56:51.340475,66512025627,ask,81965.91000000,0.00007000
2025-04-11 17:56:51.340475,66512025627,ask,81966.00000000,0.06247000
2025-04-11 17:56:51.340475,66512025627,ask,81967.05000000,0.00007000
2025-04-11 17:56:51.340475,66512025627,ask,81967.33000000,0.00201000
2025-04-11 17:56:51.340475,66512025627,ask,81967.36000000,0.00008000
2025-04-11 17:56:51.340475,66512025627,ask,81967.95000000,0.01976000
2025-04-11 17:56:51.340475,66512025627,ask,81967.97000000,0.00012000
2025-04-11 17:56:51.340475,66512025627,ask,81968.00000000,0.06247000
2025-04-11 17:56:51.340475,66512025627,ask,81969.34000000,0.00007000
2025-04-11 17:56:51.340475,66512025627,ask,81969.61000000,0.00243000
2025-04-11 17:56:51.340475,66512025627,ask,81969.80000000,0.02404000
2025-04-11 17:56:51.443778,66512025853,bid,81963.05000000,4.23289000
2025-04-11 17:56:51.443778,66512025853,bid,81963.04000000,0.00059000
2025-04-11 17:56:51.443778,66512025853,bid,81963.03000000,0.28500000
2025-04-11 17:56:51.443778,66512025853,bid,81963.02000000,0.80583000
2025-04-11 17:56:51.443778,66512025853,bid,81962.74000000,0.00007000
2025-04-11 17:56:51.443778,66512025853,bid,81962.61000000,0.00045000
2025-04-11 17:56:51.443778,66512025853,bid,81962.56000000,0.00209000
2025-04-11 17:56:51.443778,66512025853,bid,81962.55000000,0.00007000
2025-04-11 17:56:51.443778,66512025853,bid,81962.47000000,0.04899000
2025-04-11 17:56:51.443778,66512025853,bid,81960.58000000,0.00052000
2025-04-11 17:56:51.443778,66512025853,bid,81960.21000000,0.01140000
2025-04-11 17:56:51.443778,66512025853,bid,81960.00000000,0.00007000
2025-04-11 17:56:51.443778,66512025853,bid,81959.93000000,0.00008000
2025-04-11 17:56:51.443778,66512025853,bid,81959.68000000,0.00007000
2025-04-11 17:56:51.443778,66512025853,bid,81959.39000000,0.04899000
2025-04-11 17:56:51.443778,66512025853,bid,81959.29000000,0.00038000
2025-04-11 17:56:51.443778,66512025853,bid,81959.27000000,0.02491000
2025-04-11 17:56:51.443778,66512025853,bid,81959.14000000,0.00007000
2025-04-11 17:56:51.443778,66512025853,bid,81958.34000000,0.97679000
2025-04-11 17:56:51.443778,66512025853,bid,81958.33000000,0.88171000
2025-04-11 17:56:51.443778,66512025853,ask,81963.06000000,0.00972000
2025-04-11 17:56:51.443778,66512025853,ask,81963.07000000,0.00303000
2025-04-11 17:56:51.443778,66512025853,ask,81963.17000000,0.00007000
2025-04-11 17:56:51.443778,66512025853,ask,81963.20000000,0.00007000
2025-04-11 17:56:51.443778,66512025853,ask,81963.22000000,0.00007000
2025-04-11 17:56:51.443778,66512025853,ask,81963.24000000,0.00014000
2025-04-11 17:56:51.443778,66512025853,ask,81963.52000000,0.00007000
2025-04-11 17:56:51.443778,66512025853,ask,81963.55000000,0.00007000
2025-04-11 17:56:51.443778,66512025853,ask,81965.90000000,0.01320000
2025-04-11 17:56:51.443778,66512025853,ask,81966.00000000,0.00007000
2025-04-11 17:56:51.443778,66512025853,ask,81967.05000000,0.00007000
2025-04-11 17:56:51.443778,66512025853,ask,81967.33000000,0.00201000
2025-04-11 17:56:51.443778,66512025853,ask,81967.36000000,0.00008000
2025-04-11 17:56:51.443778,66512025853,ask,81967.95000000,0.01983000
2025-04-11 17:56:51.443778,66512025853,ask,81967.97000000,0.00012000
2025-04-11 17:56:51.443778,66512025853,ask,81968.00000000,0.06247000
2025-04-11 17:56:51.443778,66512025853,ask,81968.02000000,0.00007000
2025-04-11 17:56:51.443778,66512025853,ask,81968.69000000,0.15976000
2025-04-11 17:56:51.443778,66512025853,ask,81968.98000000,0.00473000
2025-04-11 17:56:51.443778,66512025853,ask,81969.03000000,0.00008000
2025-04-11 17:56:51.543836,66512026288,bid,81967.99000000,4.46296000
2025-04-11 17:56:51.543836,66512026288,bid,81967.98000000,0.00031000
2025-04-11 17:56:51.543836,66512026288,bid,81967.94000000,0.04028000
2025-04-11 17:56:51.543836,66512026288,bid,81967.36000000,0.00007000
2025-04-11 17:56:51.543836,66512026288,bid,81967.35000000,0.09521000
2025-04-11 17:56:51.543836,66512026288,bid,81967.32000000,0.00007000
2025-04-11 17:56:51.543836,66512026288,bid,81967.04000000,0.04021000
2025-04-11 17:56:51.543836,66512026288,bid,81965.89000000,0.04333000
2025-04-11 17:56:51.543836,66512026288,bid,81965.16000000,0.01146000
2025-04-11 17:56:51.543836,66512026288,bid,81964.00000000,0.00031000
2025-04-11 17:56:51.543836,66512026288,bid,81963.51000000,0.00219000
2025-04-11 17:56:51.543836,66512026288,bid,81963.16000000,0.00007000
2025-04-11 17:56:51.543836,66512026288,bid,81963.12000000,0.01723000
2025-04-11 17:56:51.543836,66512026288,bid,81963.08000000,0.00012000
2025-04-11 17:56:51.543836,66512026288,bid,81963.06000000,1.60266000
2025-04-11 17:56:51.543836,66512026288,bid,81963.05000000,1.09378000
2025-04-11 17:56:51.543836,66512026288,bid,81963.04000000,0.00028000
2025-04-11 17:56:51.543836,66512026288,bid,81962.56000000,0.00202000
2025-04-11 17:56:51.543836,66512026288,bid,81962.34000000,0.07327000
2025-04-11 17:56:51.543836,66512026288,bid,81960.68000000,0.02442000
2025-04-11 17:56:51.543836,66512026288,ask,81968.00000000,0.89990000
2025-04-11 17:56:51.543836,66512026288,ask,81968.01000000,0.00041000
2025-04-11 17:56:51.543836,66512026288,ask,81968.02000000,0.00007000
2025-04-11 17:56:51.543836,66512026288,ask,81968.68000000,0.00022000
2025-04-11 17:56:51.543836,66512026288,ask,81968.69000000,0.15983000
2025-04-11 17:56:51.543836,66512026288,ask,81968.98000000,0.00007000
2025-04-11 17:56:51.543836,66512026288,ask,81969.03000000,0.00015000
2025-04-11 17:56:51.543836,66512026288,ask,81969.34000000,0.00014000
2025-04-11 17:56:51.543836,66512026288,ask,81969.35000000,0.00007000
2025-04-11 17:56:51.543836,66512026288,ask,81969.61000000,0.00243000
2025-04-11 17:56:51.543836,66512026288,ask,81969.80000000,0.00007000
2025-04-11 17:56:51.543836,66512026288,ask,81969.82000000,0.00007000
2025-04-11 17:56:51.543836,66512026288,ask,81970.00000000,0.06254000
2025-04-11 17:56:51.543836,66512026288,ask,81971.25000000,0.00024000
2025-04-11 17:56:51.543836,66512026288,ask,81971.54000000,0.00473000
2025-04-11 17:56:51.543836,66512026288,ask,81971.69000000,0.24234000
2025-04-11 17:56:51.543836,66512026288,ask,81972.00000000,0.06254000
2025-04-11 17:56:51.543836,66512026288,ask,81972.31000000,0.12067000
2025-04-11 17:56:51.543836,66512026288,ask,81972.91000000,0.00012000
2025-04-11 17:56:51.543836,66512026288,ask,81973.29000000,0.00013000
2025-04-11 17:56:51.643905,66512026371,bid,81967.99000000,4.75677000
2025-04-11 17:56:51.643905,66512026371,bid,81967.98000000,0.00031000
2025-04-11 17:56:51.643905,66512026371,bid,81967.94000000,0.04035000
2025-04-11 17:56:51.643905,66512026371,bid,81967.36000000,0.06323000
2025-04-11 17:56:51.643905,66512026371,bid,81967.35000000,0.09521000
2025-04-11 17:56:51.643905,66512026371,bid,81967.32000000,0.00007000
2025-04-11 17:56:51.643905,66512026371,bid,81967.04000000,0.04021000
2025-04-11 17:56:51.643905,66512026371,bid,81966.54000000,0.00014000
2025-04-11 17:56:51.643905,66512026371,bid,81965.89000000,0.04326000
2025-04-11 17:56:51.643905,66512026371,bid,81965.72000000,0.00007000
2025-04-11 17:56:51.643905,66512026371,bid,81965.16000000,0.01146000
2025-04-11 17:56:51.643905,66512026371,bid,81964.07000000,0.00007000
2025-04-11 17:56:51.643905,66512026371,bid,81964.00000000,0.00031000
2025-04-11 17:56:51.643905,66512026371,bid,81963.16000000,0.00007000
2025-04-11 17:56:51.643905,66512026371,bid,81963.12000000,0.01723000
2025-04-11 17:56:51.643905,66512026371,bid,81963.08000000,0.00012000
2025-04-11 17:56:51.643905,66512026371,bid,81963.07000000,0.86147000
2025-04-11 17:56:51.643905,66512026371,bid,81963.06000000,0.04936000
2025-04-11 17:56:51.643905,66512026371,bid,81963.05000000,0.97941000
2025-04-11 17:56:51.643905,66512026371,bid,81963.04000000,0.00028000
2025-04-11 17:56:51.643905,66512026371,ask,81968.00000000,1.20296000
2025-04-11 17:56:51.643905,66512026371,ask,81968.01000000,0.00041000
2025-04-11 17:56:51.643905,66512026371,ask,81968.02000000,0.00007000
2025-04-11 17:56:51.643905,66512026371,ask,81968.68000000,0.00022000
2025-04-11 17:56:51.643905,66512026371,ask,81968.69000000,0.15990000
2025-04-11 17:56:51.643905,66512026371,ask,81968.98000000,0.00007000
2025-04-11 17:56:51.643905,66512026371,ask,81969.03000000,0.00015000
2025-04-11 17:56:51.643905,66512026371,ask,81969.34000000,0.00014000
2025-04-11 17:56:51.643905,66512026371,ask,81969.35000000,0.00007000
2025-04-11 17:56:51.643905,66512026371,ask,81969.61000000,0.00243000
2025-04-11 17:56:51.643905,66512026371,ask,81969.80000000,0.00007000
2025-04-11 17:56:51.643905,66512026371,ask,81969.82000000,0.00007000
2025-04-11 17:56:51.643905,66512026371,ask,81970.00000000,0.06254000
2025-04-11 17:56:51.643905,66512026371,ask,81971.25000000,0.00024000
2025-04-11 17:56:51.643905,66512026371,ask,81971.54000000,0.00473000
2025-04-11 17:56:51.643905,66512026371,ask,81971.69000000,0.24234000
2025-04-11 17:56:51.643905,66512026371,ask,81971.99000000,0.32421000
2025-04-11 17:56:51.643905,66512026371,ask,81972.00000000,0.06254000
2025-04-11 17:56:51.643905,66512026371,ask,81972.31000000,0.12067000
2025-04-11 17:56:51.643905,66512026371,ask,81972.65000000,0.80560000
2025-04-11 17:56:51.744653,66512026420,bid,81967.99000000,5.02303000
2025-04-11 17:56:51.744653,66512026420,bid,81967.98000000,0.00031000
2025-04-11 17:56:51.744653,66512026420,bid,81967.94000000,0.04035000
2025-04-11 17:56:51.744653,66512026420,bid,81967.36000000,0.06323000
2025-04-11 17:56:51.744653,66512026420,bid,81967.35000000,0.09521000
2025-04-11 17:56:51.744653,66512026420,bid,81967.32000000,0.00007000
2025-04-11 17:56:51.744653,66512026420,bid,81967.04000000,0.04021000
2025-04-11 17:56:51.744653,66512026420,bid,81966.54000000,0.00014000
2025-04-11 17:56:51.744653,66512026420,bid,81965.89000000,0.04326000
2025-04-11 17:56:51.744653,66512026420,bid,81965.72000000,0.00007000
2025-04-11 17:56:51.744653,66512026420,bid,81965.16000000,0.01146000
2025-04-11 17:56:51.744653,66512026420,bid,81964.07000000,0.00007000
2025-04-11 17:56:51.744653,66512026420,bid,81964.00000000,0.00031000
2025-04-11 17:56:51.744653,66512026420,bid,81963.16000000,0.00007000
2025-04-11 17:56:51.744653,66512026420,bid,81963.12000000,0.01716000
2025-04-11 17:56:51.744653,66512026420,bid,81963.08000000,0.61994000
2025-04-11 17:56:51.744653,66512026420,bid,81963.07000000,0.00007000
2025-04-11 17:56:51.744653,66512026420,bid,81963.06000000,0.04936000
2025-04-11 17:56:51.744653,66512026420,bid,81963.05000000,0.75166000
2025-04-11 17:56:51.744653,66512026420,bid,81963.04000000,0.00028000
2025-04-11 17:56:51.744653,66512026420,ask,81968.00000000,1.35753000
2025-04-11 17:56:51.744653,66512026420,ask,81968.01000000,0.00041000
2025-04-11 17:56:51.744653,66512026420,ask,81968.02000000,0.00007000
2025-04-11 17:56:51.744653,66512026420,ask,81968.68000000,0.00022000
2025-04-11 17:56:51.744653,66512026420,ask,81968.69000000,0.15990000
2025-04-11 17:56:51.744653,66512026420,ask,81968.98000000,0.00007000
2025-04-11 17:56:51.744653,66512026420,ask,81969.03000000,0.00015000
2025-04-11 17:56:51.744653,66512026420,ask,81969.34000000,0.00014000
2025-04-11 17:56:51.744653,66512026420,ask,81969.35000000,0.00007000
2025-04-11 17:56:51.744653,66512026420,ask,81969.61000000,0.00243000
2025-04-11 17:56:51.744653,66512026420,ask,81969.80000000,0.00007000
2025-04-11 17:56:51.744653,66512026420,ask,81969.82000000,0.00007000
2025-04-11 17:56:51.744653,66512026420,ask,81970.00000000,0.06254000
2025-04-11 17:56:51.744653,66512026420,ask,81970.83000000,0.01313000
2025-04-11 17:56:51.744653,66512026420,ask,81971.25000000,0.00024000
2025-04-11 17:56:51.744653,66512026420,ask,81971.54000000,0.00473000
2025-04-11 17:56:51.744653,66512026420,ask,81971.69000000,0.24234000
2025-04-11 17:56:51.744653,66512026420,ask,81971.99000000,0.32421000
2025-04-11 17:56:51.744653,66512026420,ask,81972.00000000,0.06254000
2025-04-11 17:56:51.744653,66512026420,ask,81972.31000000,0.12067000
2025-04-11 17:56:51.844146,66512026480,bid,81967.99000000,5.03084000
2025-04-11 17:56:51.844146,66512026480,bid,81967.98000000,0.00031000
2025-04-11 17:56:51.844146,66512026480,bid,81967.94000000,0.04035000
2025-04-11 17:56:51.844146,66512026480,bid,81967.36000000,0.06323000
2025-04-11 17:56:51.844146,66512026480,bid,81967.35000000,0.09521000
2025-04-11 17:56:51.844146,66512026480,bid,81967.32000000,0.00007000
2025-04-11 17:56:51.844146,66512026480,bid,81967.04000000,0.04021000
2025-04-11 17:56:51.844146,66512026480,bid,81966.54000000,0.00014000
2025-04-11 17:56:51.844146,66512026480,bid,81966.00000000,0.06247000
2025-04-11 17:56:51.844146,66512026480,bid,81965.89000000,0.04326000
2025-04-11 17:56:51.844146,66512026480,bid,81965.16000000,0.01146000
2025-04-11 17:56:51.844146,66512026480,bid,81964.07000000,0.00007000
2025-04-11 17:56:51.844146,66512026480,bid,81964.00000000,0.00031000
2025-04-11 17:56:51.844146,66512026480,bid,81963.16000000,0.00007000
2025-04-11 17:56:51.844146,66512026480,bid,81963.12000000,0.01716000
2025-04-11 17:56:51.844146,66512026480,bid,81963.08000000,0.38859000
2025-04-11 17:56:51.844146,66512026480,bid,81963.07000000,0.00007000
2025-04-11 17:56:51.844146,66512026480,bid,81963.06000000,0.04929000
2025-04-11 17:56:51.844146,66512026480,bid,81963.05000000,0.74755000
2025-04-11 17:56:51.844146,66512026480,bid,81963.04000000,0.00028000
2025-04-11 17:56:51.844146,66512026480,ask,81968.00000000,1.11445000
2025-04-11 17:56:51.844146,66512026480,ask,81968.01000000,0.00041000
2025-04-11 17:56:51.844146,66512026480,ask,81968.02000000,0.00007000
2025-04-11 17:56:51.844146,66512026480,ask,81968.68000000,0.00029000
2025-04-11 17:56:51.844146,66512026480,ask,81968.69000000,0.15990000
2025-04-11 17:56:51.844146,66512026480,ask,81968.98000000,0.00007000
2025-04-11 17:56:51.844146,66512026480,ask,81969.03000000,0.00015000
2025-04-11 17:56:51.844146,66512026480,ask,81969.34000000,0.00014000
2025-04-11 17:56:51.844146,66512026480,ask,81969.35000000,0.00007000
2025-04-11 17:56:51.844146,66512026480,ask,81969.61000000,0.00243000
2025-04-11 17:56:51.844146,66512026480,ask,81969.80000000,0.00007000
2025-04-11 17:56:51.844146,66512026480,ask,81969.82000000,0.00007000
2025-04-11 17:56:51.844146,66512026480,ask,81970.00000000,0.06254000
2025-04-11 17:56:51.844146,66512026480,ask,81970.50000000,0.80555000
2025-04-11 17:56:51.844146,66512026480,ask,81970.83000000,0.01313000
2025-04-11 17:56:51.844146,66512026480,ask,81971.25000000,0.00024000
2025-04-11 17:56:51.844146,66512026480,ask,81971.54000000,0.00473000
2025-04-11 17:56:51.844146,66512026480,ask,81971.69000000,0.24234000
2025-04-11 17:56:51.844146,66512026480,ask,81971.99000000,0.32421000
2025-04-11 17:56:51.844146,66512026480,ask,81972.00000000,0.06254000
2025-04-11 17:56:51.943970,66512026532,bid,81967.99000000,5.03084000
2025-04-11 17:56:51.943970,66512026532,bid,81967.98000000,0.00031000
2025-04-11 17:56:51.943970,66512026532,bid,81967.94000000,0.04028000
2025-04-11 17:56:51.943970,66512026532,bid,81967.37000000,0.10024000
2025-04-11 17:56:51.943970,66512026532,bid,81967.36000000,0.00014000
2025-04-11 17:56:51.943970,66512026532,bid,81967.35000000,0.09521000
2025-04-11 17:56:51.943970,66512026532,bid,81967.32000000,0.00007000
2025-04-11 17:56:51.943970,66512026532,bid,81967.04000000,0.04021000
2025-04-11 17:56:51.943970,66512026532,bid,81966.54000000,0.00007000
2025-04-11 17:56:51.943970,66512026532,bid,81966.00000000,0.06247000
2025-04-11 17:56:51.943970,66512026532,bid,81965.89000000,0.04326000
2025-04-11 17:56:51.943970,66512026532,bid,81965.16000000,0.01146000
2025-04-11 17:56:51.943970,66512026532,bid,81964.07000000,0.00007000
2025-04-11 17:56:51.943970,66512026532,bid,81964.00000000,0.00031000
2025-04-11 17:56:51.943970,66512026532,bid,81963.16000000,0.00007000
2025-04-11 17:56:51.943970,66512026532,bid,81963.12000000,0.01716000
2025-04-11 17:56:51.943970,66512026532,bid,81963.08000000,0.38859000
2025-04-11 17:56:51.943970,66512026532,bid,81963.07000000,0.00007000
2025-04-11 17:56:51.943970,66512026532,bid,81963.06000000,0.04929000
2025-04-11 17:56:51.943970,66512026532,bid,81963.05000000,0.74755000
2025-04-11 17:56:51.943970,66512026532,ask,81968.00000000,1.11531000
2025-04-11 17:56:51.943970,66512026532,ask,81968.01000000,0.00041000
2025-04-11 17:56:51.943970,66512026532,ask,81968.02000000,0.00007000
2025-04-11 17:56:51.943970,66512026532,ask,81968.68000000,0.00022000
2025-04-11 17:56:51.943970,66512026532,ask,81968.69000000,0.15990000
2025-04-11 17:56:51.943970,66512026532,ask,81968.98000000,0.00007000
2025-04-11 17:56:51.943970,66512026532,ask,81969.03000000,0.00015000
2025-04-11 17:56:51.943970,66512026532,ask,81969.34000000,0.00014000
2025-04-11 17:56:51.943970,66512026532,ask,81969.35000000,0.00007000
2025-04-11 17:56:51.943970,66512026532,ask,81969.61000000,0.00243000
2025-04-11 17:56:51.943970,66512026532,ask,81969.80000000,0.00007000
2025-04-11 17:56:51.943970,66512026532,ask,81969.82000000,0.00007000
2025-04-11 17:56:51.943970,66512026532,ask,81969.99000000,0.26451000
2025-04-11 17:56:51.943970,66512026532,ask,81970.00000000,0.06254000
2025-04-11 17:56:51.943970,66512026532,ask,81970.50000000,0.80562000
2025-04-11 17:56:51.943970,66512026532,ask,81970.83000000,0.01313000
2025-04-11 17:56:51.943970,66512026532,ask,81971.25000000,0.00024000
2025-04-11 17:56:51.943970,66512026532,ask,81971.54000000,0.00473000
2025-04-11 17:56:51.943970,66512026532,ask,81971.68000000,0.25795000
2025-04-11 17:56:51.943970,66512026532,ask,81971.69000000,0.24227000
2025-04-11 17:56:52.040633,66512026548,bid,81967.99000000,5.09184000
2025-04-11 17:56:52.040633,66512026548,bid,81967.98000000,0.00031000
2025-04-11 17:56:52.040633,66512026548,bid,81967.94000000,0.04028000
2025-04-11 17:56:52.040633,66512026548,bid,81967.37000000,0.10024000
2025-04-11 17:56:52.040633,66512026548,bid,81967.36000000,0.00014000
2025-04-11 17:56:52.040633,66512026548,bid,81967.35000000,0.09521000
2025-04-11 17:56:52.040633,66512026548,bid,81967.32000000,0.00007000
2025-04-11 17:56:52.040633,66512026548,bid,81967.04000000,0.04021000
2025-04-11 17:56:52.040633,66512026548,bid,81966.54000000,0.00007000
2025-04-11 17:56:52.040633,66512026548,bid,81966.00000000,0.06247000
2025-04-11 17:56:52.040633,66512026548,bid,81965.89000000,0.04326000
2025-04-11 17:56:52.040633,66512026548,bid,81965.16000000,0.01146000
2025-04-11 17:56:52.040633,66512026548,bid,81964.07000000,0.00007000
2025-04-11 17:56:52.040633,66512026548,bid,81964.00000000,0.00031000
2025-04-11 17:56:52.040633,66512026548,bid,81963.16000000,0.00007000
2025-04-11 17:56:52.040633,66512026548,bid,81963.12000000,0.01716000
2025-04-11 17:56:52.040633,66512026548,bid,81963.08000000,0.38859000
2025-04-11 17:56:52.040633,66512026548,bid,81963.07000000,0.00007000
2025-04-11 17:56:52.040633,66512026548,bid,81963.06000000,0.04929000
2025-04-11 17:56:52.040633,66512026548,bid,81963.05000000,0.68655000
2025-04-11 17:56:52.040633,66512026548,ask,81968.00000000,1.48349000
2025-04-11 17:56:52.040633,66512026548,ask,81968.01000000,0.00041000
2025-04-11 17:56:52.040633,66512026548,ask,81968.02000000,0.00007000
2025-04-11 17:56:52.040633,66512026548,ask,81968.68000000,0.00022000
2025-04-11 17:56:52.040633,66512026548,ask,81968.69000000,0.15990000
2025-04-11 17:56:52.040633,66512026548,ask,81968.98000000,0.00007000
2025-04-11 17:56:52.040633,66512026548,ask,81969.03000000,0.00015000
2025-04-11 17:56:52.040633,66512026548,ask,81969.34000000,0.00014000
2025-04-11 17:56:52.040633,66512026548,ask,81969.35000000,0.00007000
2025-04-11 17:56:52.040633,66512026548,ask,81969.61000000,0.00243000
2025-04-11 17:56:52.040633,66512026548,ask,81969.80000000,0.00007000
2025-04-11 17:56:52.040633,66512026548,ask,81969.82000000,0.00007000
2025-04-11 17:56:52.040633,66512026548,ask,81969.99000000,0.26451000
2025-04-11 17:56:52.040633,66512026548,ask,81970.00000000,0.06254000
2025-04-11 17:56:52.040633,66512026548,ask,81970.50000000,0.80562000
2025-04-11 17:56:52.040633,66512026548,ask,81970.83000000,0.01313000
2025-04-11 17:56:52.040633,66512026548,ask,81971.25000000,0.00024000
2025-04-11 17:56:52.040633,66512026548,ask,81971.54000000,0.00473000
2025-04-11 17:56:52.040633,66512026548,ask,81971.68000000,0.16062000
2025-04-11 17:56:52.040633,66512026548,ask,81971.69000000,0.24227000
2025-04-11 17:56:52.144723,66512026557,bid,81967.99000000,5.09184000
2025-04-11 17:56:52.144723,66512026557,bid,81967.98000000,0.00031000
2025-04-11 17:56:52.144723,66512026557,bid,81967.94000000,0.04028000
2025-04-11 17:56:52.144723,66512026557,bid,81967.37000000,0.10024000
2025-04-11 17:56:52.144723,66512026557,bid,81967.36000000,0.00014000
2025-04-11 17:56:52.144723,66512026557,bid,81967.35000000,0.09521000
2025-04-11 17:56:52.144723,66512026557,bid,81967.32000000,0.00007000
2025-04-11 17:56:52.144723,66512026557,bid,81967.04000000,0.04021000
2025-04-11 17:56:52.144723,66512026557,bid,81966.54000000,0.00007000
2025-04-11 17:56:52.144723,66512026557,bid,81966.00000000,0.06247000
2025-04-11 17:56:52.144723,66512026557,bid,81965.89000000,0.04326000
2025-04-11 17:56:52.144723,66512026557,bid,81965.16000000,0.01146000
2025-04-11 17:56:52.144723,66512026557,bid,81964.07000000,0.00007000
2025-04-11 17:56:52.144723,66512026557,bid,81964.00000000,0.00031000
2025-04-11 17:56:52.144723,66512026557,bid,81963.16000000,0.00007000
2025-04-11 17:56:52.144723,66512026557,bid,81963.12000000,0.01716000
2025-04-11 17:56:52.144723,66512026557,bid,81963.08000000,0.38859000
2025-04-11 17:56:52.144723,66512026557,bid,81963.07000000,0.00007000
2025-04-11 17:56:52.144723,66512026557,bid,81963.06000000,0.04929000
2025-04-11 17:56:52.144723,66512026557,bid,81963.05000000,0.68655000
2025-04-11 17:56:52.144723,66512026557,ask,81968.00000000,1.48349000
2025-04-11 17:56:52.144723,66512026557,ask,81968.01000000,0.00041000
2025-04-11 17:56:52.144723,66512026557,ask,81968.02000000,0.00007000
2025-04-11 17:56:52.144723,66512026557,ask,81968.68000000,0.00022000
2025-04-11 17:56:52.144723,66512026557,ask,81968.69000000,0.15990000
2025-04-11 17:56:52.144723,66512026557,ask,81968.98000000,0.00007000
2025-04-11 17:56:52.144723,66512026557,ask,81969.03000000,0.00015000
2025-04-11 17:56:52.144723,66512026557,ask,81969.34000000,0.00014000
2025-04-11 17:56:52.144723,66512026557,ask,81969.35000000,0.00007000
2025-04-11 17:56:52.144723,66512026557,ask,81969.61000000,0.00243000
2025-04-11 17:56:52.144723,66512026557,ask,81969.80000000,0.00007000
2025-04-11 17:56:52.144723,66512026557,ask,81969.82000000,0.00007000
2025-04-11 17:56:52.144723,66512026557,ask,81969.99000000,0.26451000
2025-04-11 17:56:52.144723,66512026557,ask,81970.00000000,0.06254000
2025-04-11 17:56:52.144723,66512026557,ask,81970.50000000,0.80562000
2025-04-11 17:56:52.144723,66512026557,ask,81970.83000000,0.01313000
2025-04-11 17:56:52.144723,66512026557,ask,81971.25000000,0.00024000
2025-04-11 17:56:52.144723,66512026557,ask,81971.54000000,0.00473000
2025-04-11 17:56:52.144723,66512026557,ask,81971.68000000,0.16062000
2025-04-11 17:56:52.144723,66512026557,ask,81971.69000000,0.24227000
2025-04-11 17:56:52.240489,66512026565,bid,81967.99000000,5.09184000
2025-04-11 17:56:52.240489,66512026565,bid,81967.98000000,0.00031000
2025-04-11 17:56:52.240489,66512026565,bid,81967.94000000,0.04028000
2025-04-11 17:56:52.240489,66512026565,bid,81967.37000000,0.10024000
2025-04-11 17:56:52.240489,66512026565,bid,81967.36000000,0.00014000
2025-04-11 17:56:52.240489,66512026565,bid,81967.35000000,0.09521000
2025-04-11 17:56:52.240489,66512026565,bid,81967.32000000,0.00007000
2025-04-11 17:56:52.240489,66512026565,bid,81967.04000000,0.04021000
2025-04-11 17:56:52.240489,66512026565,bid,81966.54000000,0.00007000
2025-04-11 17:56:52.240489,66512026565,bid,81966.00000000,0.06247000
2025-04-11 17:56:52.240489,66512026565,bid,81965.89000000,0.04326000
2025-04-11 17:56:52.240489,66512026565,bid,81965.16000000,0.01146000
2025-04-11 17:56:52.240489,66512026565,bid,81964.07000000,0.00007000
2025-04-11 17:56:52.240489,66512026565,bid,81964.00000000,0.00031000
2025-04-11 17:56:52.240489,66512026565,bid,81963.16000000,0.00007000
2025-04-11 17:56:52.240489,66512026565,bid,81963.12000000,0.01716000
2025-04-11 17:56:52.240489,66512026565,bid,81963.08000000,0.38859000
2025-04-11 17:56:52.240489,66512026565,bid,81963.07000000,0.00007000
2025-04-11 17:56:52.240489,66512026565,bid,81963.06000000,0.04929000
2025-04-11 17:56:52.240489,66512026565,bid,81963.05000000,0.68655000
2025-04-11 17:56:52.240489,66512026565,ask,81968.00000000,1.11621000
2025-04-11 17:56:52.240489,66512026565,ask,81968.01000000,0.00041000
2025-04-11 17:56:52.240489,66512026565,ask,81968.02000000,0.00007000
2025-04-11 17:56:52.240489,66512026565,ask,81968.68000000,0.00022000
2025-04-11 17:56:52.240489,66512026565,ask,81968.69000000,0.15990000
2025-04-11 17:56:52.240489,66512026565,ask,81968.98000000,0.00007000
2025-04-11 17:56:52.240489,66512026565,ask,81969.03000000,0.00015000
2025-04-11 17:56:52.240489,66512026565,ask,81969.34000000,0.00014000
2025-04-11 17:56:52.240489,66512026565,ask,81969.35000000,0.00007000
2025-04-11 17:56:52.240489,66512026565,ask,81969.61000000,0.00243000
2025-04-11 17:56:52.240489,66512026565,ask,81969.80000000,0.00007000
2025-04-11 17:56:52.240489,66512026565,ask,81969.82000000,0.00007000
2025-04-11 17:56:52.240489,66512026565,ask,81969.99000000,0.26451000
2025-04-11 17:56:52.240489,66512026565,ask,81970.00000000,0.06254000
2025-04-11 17:56:52.240489,66512026565,ask,81970.50000000,0.80562000
2025-04-11 17:56:52.240489,66512026565,ask,81970.83000000,0.01313000
2025-04-11 17:56:52.240489,66512026565,ask,81971.25000000,0.00024000
2025-04-11 17:56:52.240489,66512026565,ask,81971.54000000,0.00473000
2025-04-11 17:56:52.240489,66512026565,ask,81971.68000000,0.16062000
2025-04-11 17:56:52.240489,66512026565,ask,81971.69000000,0.24227000
2025-04-11 17:56:52.344485,66512026581,bid,81967.99000000,5.09184000
2025-04-11 17:56:52.344485,66512026581,bid,81967.98000000,0.00031000
2025-04-11 17:56:52.344485,66512026581,bid,81967.94000000,0.04028000
2025-04-11 17:56:52.344485,66512026581,bid,81967.37000000,0.10024000
2025-04-11 17:56:52.344485,66512026581,bid,81967.36000000,0.00014000
2025-04-11 17:56:52.344485,66512026581,bid,81967.35000000,0.09521000
2025-04-11 17:56:52.344485,66512026581,bid,81967.32000000,0.00007000
2025-04-11 17:56:52.344485,66512026581,bid,81967.04000000,0.04021000
2025-04-11 17:56:52.344485,66512026581,bid,81966.54000000,0.00007000
2025-04-11 17:56:52.344485,66512026581,bid,81966.00000000,0.06247000
2025-04-11 17:56:52.344485,66512026581,bid,81965.89000000,0.04326000
2025-04-11 17:56:52.344485,66512026581,bid,81965.16000000,0.01146000
2025-04-11 17:56:52.344485,66512026581,bid,81964.07000000,0.00007000
2025-04-11 17:56:52.344485,66512026581,bid,81964.00000000,0.00031000
2025-04-11 17:56:52.344485,66512026581,bid,81963.16000000,0.00007000
2025-04-11 17:56:52.344485,66512026581,bid,81963.12000000,0.01716000
2025-04-11 17:56:52.344485,66512026581,bid,81963.08000000,0.38859000
2025-04-11 17:56:52.344485,66512026581,bid,81963.07000000,0.00007000
2025-04-11 17:56:52.344485,66512026581,bid,81963.06000000,0.04929000
2025-04-11 17:56:52.344485,66512026581,bid,81963.05000000,0.68655000
2025-04-11 17:56:52.344485,66512026581,ask,81968.00000000,1.11439000
2025-04-11 17:56:52.344485,66512026581,ask,81968.01000000,0.00041000
2025-04-11 17:56:52.344485,66512026581,ask,81968.02000000,0.00007000
2025-04-11 17:56:52.344485,66512026581,ask,81968.68000000,0.00022000
2025-04-11 17:56:52.344485,66512026581,ask,81968.69000000,0.15990000
2025-04-11 17:56:52.344485,66512026581,ask,81968.98000000,0.00007000
2025-04-11 17:56:52.344485,66512026581,ask,81969.03000000,0.00015000
2025-04-11 17:56:52.344485,66512026581,ask,81969.34000000,0.00014000
2025-04-11 17:56:52.344485,66512026581,ask,81969.35000000,0.00007000
2025-04-11 17:56:52.344485,66512026581,ask,81969.61000000,0.00243000
2025-04-11 17:56:52.344485,66512026581,ask,81969.80000000,0.00007000
2025-04-11 17:56:52.344485,66512026581,ask,81969.82000000,0.00007000
2025-04-11 17:56:52.344485,66512026581,ask,81969.99000000,0.26451000
2025-04-11 17:56:52.344485,66512026581,ask,81970.00000000,0.06254000
2025-04-11 17:56:52.344485,66512026581,ask,81970.50000000,0.80562000
2025-04-11 17:56:52.344485,66512026581,ask,81970.83000000,0.01313000
2025-04-11 17:56:52.344485,66512026581,ask,81971.25000000,0.00024000
2025-04-11 17:56:52.344485,66512026581,ask,81971.54000000,0.00473000
2025-04-11 17:56:52.344485,66512026581,ask,81971.68000000,0.16062000
2025-04-11 17:56:52.344485,66512026581,ask,81971.69000000,0.24227000
2025-04-11 17:56:52.440710,66512026611,bid,81967.99000000,5.09184000
2025-04-11 17:56:52.440710,66512026611,bid,81967.98000000,0.00031000
2025-04-11 17:56:52.440710,66512026611,bid,81967.94000000,0.04035000
2025-04-11 17:56:52.440710,66512026611,bid,81967.37000000,0.10031000
2025-04-11 17:56:52.440710,66512026611,bid,81967.36000000,0.00007000
2025-04-11 17:56:52.440710,66512026611,bid,81967.35000000,0.09521000
2025-04-11 17:56:52.440710,66512026611,bid,81967.32000000,0.00007000
2025-04-11 17:56:52.440710,66512026611,bid,81967.04000000,0.04021000
2025-04-11 17:56:52.440710,66512026611,bid,81966.54000000,0.00007000
2025-04-11 17:56:52.440710,66512026611,bid,81966.00000000,0.06254000
2025-04-11 17:56:52.440710,66512026611,bid,81965.89000000,0.04326000
2025-04-11 17:56:52.440710,66512026611,bid,81965.16000000,0.01146000
2025-04-11 17:56:52.440710,66512026611,bid,81964.07000000,0.00007000
2025-04-11 17:56:52.440710,66512026611,bid,81964.00000000,0.00031000
2025-04-11 17:56:52.440710,66512026611,bid,81963.16000000,0.00007000
2025-04-11 17:56:52.440710,66512026611,bid,81963.12000000,0.01723000
2025-04-11 17:56:52.440710,66512026611,bid,81963.08000000,0.38866000
2025-04-11 17:56:52.440710,66512026611,bid,81963.06000000,0.04929000
2025-04-11 17:56:52.440710,66512026611,bid,81963.05000000,0.68655000
2025-04-11 17:56:52.440710,66512026611,bid,81963.04000000,0.00028000
2025-04-11 17:56:52.440710,66512026611,ask,81968.00000000,0.59879000
2025-04-11 17:56:52.440710,66512026611,ask,81968.01000000,0.00041000
2025-04-11 17:56:52.440710,66512026611,ask,81968.02000000,0.00007000
2025-04-11 17:56:52.440710,66512026611,ask,81968.68000000,0.00022000
2025-04-11 17:56:52.440710,66512026611,ask,81968.69000000,0.15990000
2025-04-11 17:56:52.440710,66512026611,ask,81968.98000000,0.00007000
2025-04-11 17:56:52.440710,66512026611,ask,81969.03000000,0.00015000
2025-04-11 17:56:52.440710,66512026611,ask,81969.34000000,0.00014000
2025-04-11 17:56:52.440710,66512026611,ask,81969.35000000,0.00007000
2025-04-11 17:56:52.440710,66512026611,ask,81969.61000000,0.00243000
2025-04-11 17:56:52.440710,66512026611,ask,81969.80000000,0.00007000
2025-04-11 17:56:52.440710,66512026611,ask,81969.82000000,0.00007000
2025-04-11 17:56:52.440710,66512026611,ask,81969.99000000,0.26458000
2025-04-11 17:56:52.440710,66512026611,ask,81970.00000000,0.06261000
2025-04-11 17:56:52.440710,66512026611,ask,81970.50000000,0.80569000
2025-04-11 17:56:52.440710,66512026611,ask,81970.83000000,0.01313000
2025-04-11 17:56:52.440710,66512026611,ask,81971.25000000,0.00024000
2025-04-11 17:56:52.440710,66512026611,ask,81971.54000000,0.00473000
2025-04-11 17:56:52.440710,66512026611,ask,81971.68000000,0.16069000
2025-04-11 17:56:52.440710,66512026611,ask,81971.69000000,0.24227000
2025-04-11 17:56:52.543955,66512026635,bid,81967.99000000,5.09403000
2025-04-11 17:56:52.543955,66512026635,bid,81967.98000000,0.00031000
2025-04-11 17:56:52.543955,66512026635,bid,81967.94000000,0.04035000
2025-04-11 17:56:52.543955,66512026635,bid,81967.37000000,0.10031000
2025-04-11 17:56:52.543955,66512026635,bid,81967.36000000,0.00007000
2025-04-11 17:56:52.543955,66512026635,bid,81967.35000000,0.09521000
2025-04-11 17:56:52.543955,66512026635,bid,81967.32000000,0.00007000
2025-04-11 17:56:52.543955,66512026635,bid,81967.04000000,0.04021000
2025-04-11 17:56:52.543955,66512026635,bid,81966.54000000,0.00007000
2025-04-11 17:56:52.543955,66512026635,bid,81966.00000000,0.06254000
2025-04-11 17:56:52.543955,66512026635,bid,81965.89000000,0.04326000
2025-04-11 17:56:52.543955,66512026635,bid,81965.16000000,0.01146000
2025-04-11 17:56:52.543955,66512026635,bid,81964.07000000,0.00007000
2025-04-11 17:56:52.543955,66512026635,bid,81964.00000000,0.00031000
2025-04-11 17:56:52.543955,66512026635,bid,81963.16000000,0.00007000
2025-04-11 17:56:52.543955,66512026635,bid,81963.12000000,0.01723000
2025-04-11 17:56:52.543955,66512026635,bid,81963.08000000,0.38866000
2025-04-11 17:56:52.543955,66512026635,bid,81963.06000000,0.04929000
2025-04-11 17:56:52.543955,66512026635,bid,81963.05000000,1.29705000
2025-04-11 17:56:52.543955,66512026635,bid,81963.04000000,0.00028000
2025-04-11 17:56:52.543955,66512026635,ask,81968.00000000,0.77659000
2025-04-11 17:56:52.543955,66512026635,ask,81968.01000000,0.00041000
2025-04-11 17:56:52.543955,66512026635,ask,81968.02000000,0.00007000
2025-04-11 17:56:52.543955,66512026635,ask,81968.11000000,0.00015000
2025-04-11 17:56:52.543955,66512026635,ask,81968.68000000,0.00022000
2025-04-11 17:56:52.543955,66512026635,ask,81968.69000000,0.15990000
2025-04-11 17:56:52.543955,66512026635,ask,81968.98000000,0.00007000
2025-04-11 17:56:52.543955,66512026635,ask,81969.03000000,0.00015000
2025-04-11 17:56:52.543955,66512026635,ask,81969.34000000,0.00007000
2025-04-11 17:56:52.543955,66512026635,ask,81969.35000000,0.00007000
2025-04-11 17:56:52.543955,66512026635,ask,81969.61000000,0.00243000
2025-04-11 17:56:52.543955,66512026635,ask,81969.80000000,0.00007000
2025-04-11 17:56:52.543955,66512026635,ask,81969.82000000,0.00007000
2025-04-11 17:56:52.543955,66512026635,ask,81969.99000000,0.26458000
2025-04-11 17:56:52.543955,66512026635,ask,81970.00000000,0.06254000
2025-04-11 17:56:52.543955,66512026635,ask,81970.50000000,0.80569000
2025-04-11 17:56:52.543955,66512026635,ask,81970.83000000,0.01313000
2025-04-11 17:56:52.543955,66512026635,ask,81971.25000000,0.00024000
2025-04-11 17:56:52.543955,66512026635,ask,81971.54000000,0.00473000
2025-04-11 17:56:52.543955,66512026635,ask,81971.68000000,0.16062000
2025-04-11 17:56:52.643787,66512026659,bid,81967.99000000,5.09800000
2025-04-11 17:56:52.643787,66512026659,bid,81967.98000000,0.00031000
2025-04-11 17:56:52.643787,66512026659,bid,81967.94000000,0.04035000
2025-04-11 17:56:52.643787,66512026659,bid,81967.37000000,0.10031000
2025-04-11 17:56:52.643787,66512026659,bid,81967.36000000,0.00007000
2025-04-11 17:56:52.643787,66512026659,bid,81967.35000000,0.09521000
2025-04-11 17:56:52.643787,66512026659,bid,81967.32000000,0.00007000
2025-04-11 17:56:52.643787,66512026659,bid,81967.04000000,0.04021000
2025-04-11 17:56:52.643787,66512026659,bid,81966.54000000,0.00007000
2025-04-11 17:56:52.643787,66512026659,bid,81966.00000000,0.06254000
2025-04-11 17:56:52.643787,66512026659,bid,81965.89000000,0.04326000
2025-04-11 17:56:52.643787,66512026659,bid,81965.16000000,0.01146000
2025-04-11 17:56:52.643787,66512026659,bid,81964.07000000,0.00007000
2025-04-11 17:56:52.643787,66512026659,bid,81964.00000000,0.00031000
2025-04-11 17:56:52.643787,66512026659,bid,81963.16000000,0.00007000
2025-04-11 17:56:52.643787,66512026659,bid,81963.12000000,0.01723000
2025-04-11 17:56:52.643787,66512026659,bid,81963.08000000,0.38866000
2025-04-11 17:56:52.643787,66512026659,bid,81963.06000000,0.04929000
2025-04-11 17:56:52.643787,66512026659,bid,81963.05000000,1.29705000
2025-04-11 17:56:52.643787,66512026659,bid,81963.04000000,0.00028000
2025-04-11 17:56:52.643787,66512026659,ask,81968.00000000,0.73533000
2025-04-11 17:56:52.643787,66512026659,ask,81968.01000000,0.00041000
2025-04-11 17:56:52.643787,66512026659,ask,81968.02000000,0.00007000
2025-04-11 17:56:52.643787,66512026659,ask,81968.11000000,0.00015000
2025-04-11 17:56:52.643787,66512026659,ask,81968.68000000,0.00022000
2025-04-11 17:56:52.643787,66512026659,ask,81968.69000000,0.15990000
2025-04-11 17:56:52.643787,66512026659,ask,81968.98000000,0.00007000
2025-04-11 17:56:52.643787,66512026659,ask,81969.03000000,0.00015000
2025-04-11 17:56:52.643787,66512026659,ask,81969.34000000,0.00007000
2025-04-11 17:56:52.643787,66512026659,ask,81969.35000000,0.00007000
2025-04-11 17:56:52.643787,66512026659,ask,81969.61000000,0.00243000
2025-04-11 17:56:52.643787,66512026659,ask,81969.80000000,0.00007000
2025-04-11 17:56:52.643787,66512026659,ask,81969.82000000,0.00007000
2025-04-11 17:56:52.643787,66512026659,ask,81969.99000000,0.26458000
2025-04-11 17:56:52.643787,66512026659,ask,81970.00000000,0.06254000
2025-04-11 17:56:52.643787,66512026659,ask,81970.50000000,0.80569000
2025-04-11 17:56:52.643787,66512026659,ask,81970.83000000,0.01313000
2025-04-11 17:56:52.643787,66512026659,ask,81971.25000000,0.00024000
2025-04-11 17:56:52.643787,66512026659,ask,81971.54000000,0.00473000
2025-04-11 17:56:52.643787,66512026659,ask,81971.68000000,0.16062000
2025-04-11 17:56:52.767955,66512029359,bid,81988.76000000,2.91163000
2025-04-11 17:56:52.767955,66512029359,bid,81988.75000000,0.00025000
2025-04-11 17:56:52.767955,66512029359,bid,81988.01000000,0.01915000
2025-04-11 17:56:52.767955,66512029359,bid,81988.00000000,1.18269000
2025-04-11 17:56:52.767955,66512029359,bid,81987.92000000,0.00021000
2025-04-11 17:56:52.767955,66512029359,bid,81986.56000000,0.00021000
2025-04-11 17:56:52.767955,66512029359,bid,81986.00000000,0.06240000
2025-04-11 17:56:52.767955,66512029359,bid,81985.89000000,0.00021000
2025-04-11 17:56:52.767955,66512029359,bid,81985.77000000,0.00021000
2025-04-11 17:56:52.767955,66512029359,bid,81984.77000000,0.00014000
2025-04-11 17:56:52.767955,66512029359,bid,81984.61000000,0.00007000
2025-04-11 17:56:52.767955,66512029359,bid,81984.13000000,0.11265000
2025-04-11 17:56:52.767955,66512029359,bid,81984.12000000,0.39145000
2025-04-11 17:56:52.767955,66512029359,bid,81984.00000000,0.06254000
2025-04-11 17:56:52.767955,66512029359,bid,81983.99000000,0.00014000
2025-04-11 17:56:52.767955,66512029359,bid,81983.98000000,1.06716000
2025-04-11 17:56:52.767955,66512029359,bid,81983.94000000,0.35983000
2025-04-11 17:56:52.767955,66512029359,bid,81983.93000000,0.00007000
2025-04-11 17:56:52.767955,66512029359,bid,81983.76000000,0.00007000
2025-04-11 17:56:52.767955,66512029359,bid,81983.42000000,0.00007000
2025-04-11 17:56:52.767955,66512029359,ask,81988.77000000,0.41864000
2025-04-11 17:56:52.767955,66512029359,ask,81988.78000000,0.00024000
2025-04-11 17:56:52.767955,66512029359,ask,81989.90000000,0.00473000
2025-04-11 17:56:52.767955,66512029359,ask,81989.99000000,0.00258000
2025-04-11 17:56:52.767955,66512029359,ask,81990.00000000,0.06261000
2025-04-11 17:56:52.767955,66512029359,ask,81990.35000000,0.00112000
2025-04-11 17:56:52.767955,66512029359,ask,81990.36000000,0.45031000
2025-04-11 17:56:52.767955,66512029359,ask,81990.76000000,0.00053000
2025-04-11 17:56:52.767955,66512029359,ask,81990.77000000,0.00014000
2025-04-11 17:56:52.767955,66512029359,ask,81990.81000000,0.00021000
2025-04-11 17:56:52.767955,66512029359,ask,81991.42000000,0.35990000
2025-04-11 17:56:52.767955,66512029359,ask,81991.63000000,0.00009000
2025-04-11 17:56:52.767955,66512029359,ask,81991.64000000,0.00007000
2025-04-11 17:56:52.767955,66512029359,ask,81991.80000000,0.00007000
2025-04-11 17:56:52.767955,66512029359,ask,81991.83000000,0.00020000
2025-04-11 17:56:52.767955,66512029359,ask,81991.87000000,0.00013000
2025-04-11 17:56:52.767955,66512029359,ask,81992.00000000,0.06457000
2025-04-11 17:56:52.767955,66512029359,ask,81992.46000000,0.00201000
2025-04-11 17:56:52.767955,66512029359,ask,81992.60000000,0.00300000
2025-04-11 17:56:52.767955,66512029359,ask,81992.65000000,0.00010000
2025-04-11 17:56:52.840867,66512030057,bid,81988.76000000,3.60501000
2025-04-11 17:56:52.840867,66512030057,bid,81988.75000000,0.00032000
2025-04-11 17:56:52.840867,66512030057,bid,81988.61000000,0.00007000
2025-04-11 17:56:52.840867,66512030057,bid,81988.28000000,0.00209000
2025-04-11 17:56:52.840867,66512030057,bid,81988.18000000,0.00007000
2025-04-11 17:56:52.840867,66512030057,bid,81988.01000000,0.93609000
2025-04-11 17:56:52.840867,66512030057,bid,81988.00000000,0.06261000
2025-04-11 17:56:52.840867,66512030057,bid,81987.99000000,0.00007000
2025-04-11 17:56:52.840867,66512030057,bid,81986.56000000,0.00007000
2025-04-11 17:56:52.840867,66512030057,bid,81986.00000000,0.06254000
2025-04-11 17:56:52.840867,66512030057,bid,81984.77000000,0.00007000
2025-04-11 17:56:52.840867,66512030057,bid,81984.23000000,0.04110000
2025-04-11 17:56:52.840867,66512030057,bid,81984.12000000,0.39131000
2025-04-11 17:56:52.840867,66512030057,bid,81984.00000000,0.06254000
2025-04-11 17:56:52.840867,66512030057,bid,81983.99000000,0.00007000
2025-04-11 17:56:52.840867,66512030057,bid,81983.98000000,1.06437000
2025-04-11 17:56:52.840867,66512030057,bid,81983.85000000,0.00012000
2025-04-11 17:56:52.840867,66512030057,bid,81983.41000000,0.06104000
2025-04-11 17:56:52.840867,66512030057,bid,81982.45000000,0.00243000
2025-04-11 17:56:52.840867,66512030057,bid,81982.17000000,0.29286000
2025-04-11 17:56:52.840867,66512030057,ask,81988.77000000,0.76542000
2025-04-11 17:56:52.840867,66512030057,ask,81988.78000000,0.00031000
2025-04-11 17:56:52.840867,66512030057,ask,81988.79000000,0.00286000
2025-04-11 17:56:52.840867,66512030057,ask,81989.17000000,0.00208000
2025-04-11 17:56:52.840867,66512030057,ask,81989.47000000,0.00480000
2025-04-11 17:56:52.840867,66512030057,ask,81989.90000000,0.00007000
2025-04-11 17:56:52.840867,66512030057,ask,81989.98000000,0.00193000
2025-04-11 17:56:52.840867,66512030057,ask,81989.99000000,0.00243000
2025-04-11 17:56:52.840867,66512030057,ask,81990.00000000,0.06254000
2025-04-11 17:56:52.840867,66512030057,ask,81990.35000000,0.24347000
2025-04-11 17:56:52.840867,66512030057,ask,81990.36000000,0.45038000
2025-04-11 17:56:52.840867,66512030057,ask,81990.76000000,0.00053000
2025-04-11 17:56:52.840867,66512030057,ask,81991.20000000,0.00007000
2025-04-11 17:56:52.840867,66512030057,ask,81991.63000000,0.00009000
2025-04-11 17:56:52.840867,66512030057,ask,81991.87000000,0.00013000
2025-04-11 17:56:52.840867,66512030057,ask,81992.00000000,0.06457000
2025-04-11 17:56:52.840867,66512030057,ask,81992.60000000,0.00300000
2025-04-11 17:56:52.840867,66512030057,ask,81992.65000000,0.00010000
2025-04-11 17:56:52.840867,66512030057,ask,81993.04000000,0.00201000
2025-04-11 17:56:52.840867,66512030057,ask,81993.46000000,0.00110000
2025-04-11 17:56:52.940798,66512030425,bid,81988.76000000,4.35188000
2025-04-11 17:56:52.940798,66512030425,bid,81988.75000000,0.00032000
2025-04-11 17:56:52.940798,66512030425,bid,81988.61000000,0.00007000
2025-04-11 17:56:52.940798,66512030425,bid,81988.28000000,0.00209000
2025-04-11 17:56:52.940798,66512030425,bid,81988.02000000,0.78650000
2025-04-11 17:56:52.940798,66512030425,bid,81988.01000000,0.00007000
2025-04-11 17:56:52.940798,66512030425,bid,81988.00000000,0.06261000
2025-04-11 17:56:52.940798,66512030425,bid,81986.91000000,0.02426000
2025-04-11 17:56:52.940798,66512030425,bid,81986.56000000,0.00007000
2025-04-11 17:56:52.940798,66512030425,bid,81986.00000000,0.06254000
2025-04-11 17:56:52.940798,66512030425,bid,81985.81000000,0.01152000
2025-04-11 17:56:52.940798,66512030425,bid,81984.77000000,0.00007000
2025-04-11 17:56:52.940798,66512030425,bid,81984.23000000,0.04110000
2025-04-11 17:56:52.940798,66512030425,bid,81984.12000000,0.39131000
2025-04-11 17:56:52.940798,66512030425,bid,81984.00000000,0.06254000
2025-04-11 17:56:52.940798,66512030425,bid,81983.99000000,0.00007000
2025-04-11 17:56:52.940798,66512030425,bid,81983.98000000,1.06444000
2025-04-11 17:56:52.940798,66512030425,bid,81983.85000000,0.00012000
2025-04-11 17:56:52.940798,66512030425,bid,81983.76000000,0.01725000
2025-04-11 17:56:52.940798,66512030425,bid,81983.41000000,0.06097000
2025-04-11 17:56:52.940798,66512030425,ask,81988.77000000,0.71510000
2025-04-11 17:56:52.940798,66512030425,ask,81988.78000000,0.00031000
2025-04-11 17:56:52.940798,66512030425,ask,81988.79000000,0.00286000
2025-04-11 17:56:52.940798,66512030425,ask,81989.17000000,0.00208000
2025-04-11 17:56:52.940798,66512030425,ask,81989.47000000,0.00480000
2025-04-11 17:56:52.940798,66512030425,ask,81989.57000000,0.00943000
2025-04-11 17:56:52.940798,66512030425,ask,81989.90000000,0.00007000
2025-04-11 17:56:52.940798,66512030425,ask,81989.96000000,0.00092000
2025-04-11 17:56:52.940798,66512030425,ask,81989.98000000,0.00186000
2025-04-11 17:56:52.940798,66512030425,ask,81989.99000000,0.00236000
2025-04-11 17:56:52.940798,66512030425,ask,81990.00000000,0.06254000
2025-04-11 17:56:52.940798,66512030425,ask,81990.34000000,0.20850000
2025-04-11 17:56:52.940798,66512030425,ask,81990.36000000,0.45038000
2025-04-11 17:56:52.940798,66512030425,ask,81990.76000000,0.00053000
2025-04-11 17:56:52.940798,66512030425,ask,81991.19000000,0.00013000
2025-04-11 17:56:52.940798,66512030425,ask,81991.20000000,0.00007000
2025-04-11 17:56:52.940798,66512030425,ask,81991.63000000,0.00009000
2025-04-11 17:56:52.940798,66512030425,ask,81991.72000000,0.01305000
2025-04-11 17:56:52.940798,66512030425,ask,81991.87000000,0.00013000
2025-04-11 17:56:52.940798,66512030425,ask,81991.99000000,0.02904000
2025-04-11 17:56:53.044222,66512030554,bid,81988.76000000,4.34411000
2025-04-11 17:56:53.044222,66512030554,bid,81988.75000000,0.00032000
2025-04-11 17:56:53.044222,66512030554,bid,81988.61000000,0.00007000
2025-04-11 17:56:53.044222,66512030554,bid,81988.28000000,0.00209000
2025-04-11 17:56:53.044222,66512030554,bid,81988.02000000,0.52160000
2025-04-11 17:56:53.044222,66512030554,bid,81988.01000000,0.00007000
2025-04-11 17:56:53.044222,66512030554,bid,81988.00000000,0.06261000
2025-04-11 17:56:53.044222,66512030554,bid,81986.91000000,0.00007000
2025-04-11 17:56:53.044222,66512030554,bid,81986.56000000,0.00007000
2025-04-11 17:56:53.044222,66512030554,bid,81986.01000000,0.00610000
2025-04-11 17:56:53.044222,66512030554,bid,81986.00000000,0.06254000
2025-04-11 17:56:53.044222,66512030554,bid,81985.81000000,0.01152000
2025-04-11 17:56:53.044222,66512030554,bid,81984.77000000,0.00007000
2025-04-11 17:56:53.044222,66512030554,bid,81984.23000000,0.04110000
2025-04-11 17:56:53.044222,66512030554,bid,81984.12000000,0.39131000
2025-04-11 17:56:53.044222,66512030554,bid,81984.00000000,0.06254000
2025-04-11 17:56:53.044222,66512030554,bid,81983.99000000,0.00007000
2025-04-11 17:56:53.044222,66512030554,bid,81983.98000000,1.06437000
2025-04-11 17:56:53.044222,66512030554,bid,81983.85000000,0.00012000
2025-04-11 17:56:53.044222,66512030554,bid,81983.76000000,0.01725000
2025-04-11 17:56:53.044222,66512030554,ask,81988.77000000,1.20797000
2025-04-11 17:56:53.044222,66512030554,ask,81988.78000000,0.00031000
2025-04-11 17:56:53.044222,66512030554,ask,81988.79000000,0.00286000
2025-04-11 17:56:53.044222,66512030554,ask,81989.17000000,0.00208000
2025-04-11 17:56:53.044222,66512030554,ask,81989.47000000,0.00007000
2025-04-11 17:56:53.044222,66512030554,ask,81989.57000000,0.00943000
2025-04-11 17:56:53.044222,66512030554,ask,81989.90000000,0.00007000
2025-04-11 17:56:53.044222,66512030554,ask,81989.96000000,0.00092000
2025-04-11 17:56:53.044222,66512030554,ask,81989.98000000,0.00186000
2025-04-11 17:56:53.044222,66512030554,ask,81989.99000000,0.00236000
2025-04-11 17:56:53.044222,66512030554,ask,81990.00000000,0.06247000
2025-04-11 17:56:53.044222,66512030554,ask,81990.34000000,0.00007000
2025-04-11 17:56:53.044222,66512030554,ask,81990.36000000,0.45031000
2025-04-11 17:56:53.044222,66512030554,ask,81990.76000000,0.00053000
2025-04-11 17:56:53.044222,66512030554,ask,81990.96000000,0.00472000
2025-04-11 17:56:53.044222,66512030554,ask,81991.19000000,0.00013000
2025-04-11 17:56:53.044222,66512030554,ask,81991.20000000,0.00007000
2025-04-11 17:56:53.044222,66512030554,ask,81991.63000000,0.00009000
2025-04-11 17:56:53.044222,66512030554,ask,81991.72000000,0.01305000
2025-04-11 17:56:53.044222,66512030554,ask,81991.87000000,0.00013000
2025-04-11 17:56:53.144313,66512030703,bid,81988.76000000,4.39745000
2025-04-11 17:56:53.144313,66512030703,bid,81988.75000000,0.00032000
2025-04-11 17:56:53.144313,66512030703,bid,81988.61000000,0.00007000
2025-04-11 17:56:53.144313,66512030703,bid,81988.28000000,0.00209000
2025-04-11 17:56:53.144313,66512030703,bid,81988.02000000,0.52160000
2025-04-11 17:56:53.144313,66512030703,bid,81988.01000000,0.00007000
2025-04-11 17:56:53.144313,66512030703,bid,81988.00000000,0.06261000
2025-04-11 17:56:53.144313,66512030703,bid,81986.91000000,0.02444000
2025-04-11 17:56:53.144313,66512030703,bid,81986.56000000,0.00007000
2025-04-11 17:56:53.144313,66512030703,bid,81986.00000000,0.06254000
2025-04-11 17:56:53.144313,66512030703,bid,81985.81000000,0.01152000
2025-04-11 17:56:53.144313,66512030703,bid,81984.77000000,0.00007000
2025-04-11 17:56:53.144313,66512030703,bid,81984.23000000,0.04110000
2025-04-11 17:56:53.144313,66512030703,bid,81984.12000000,0.39131000
2025-04-11 17:56:53.144313,66512030703,bid,81984.00000000,0.06254000
2025-04-11 17:56:53.144313,66512030703,bid,81983.99000000,0.00007000
2025-04-11 17:56:53.144313,66512030703,bid,81983.98000000,1.06437000
2025-04-11 17:56:53.144313,66512030703,bid,81983.85000000,0.00012000
2025-04-11 17:56:53.144313,66512030703,bid,81983.76000000,0.01725000
2025-04-11 17:56:53.144313,66512030703,bid,81983.41000000,0.06097000
2025-04-11 17:56:53.144313,66512030703,ask,81988.77000000,0.30946000
2025-04-11 17:56:53.144313,66512030703,ask,81988.78000000,0.00031000
2025-04-11 17:56:53.144313,66512030703,ask,81988.79000000,0.00286000
2025-04-11 17:56:53.144313,66512030703,ask,81989.17000000,0.00208000
2025-04-11 17:56:53.144313,66512030703,ask,81989.47000000,0.00007000
2025-04-11 17:56:53.144313,66512030703,ask,81989.57000000,0.00007000
2025-04-11 17:56:53.144313,66512030703,ask,81989.90000000,0.00007000
2025-04-11 17:56:53.144313,66512030703,ask,81989.96000000,0.00092000
2025-04-11 17:56:53.144313,66512030703,ask,81989.98000000,0.00186000
2025-04-11 17:56:53.144313,66512030703,ask,81989.99000000,0.00236000
2025-04-11 17:56:53.144313,66512030703,ask,81990.00000000,0.00014000
2025-04-11 17:56:53.144313,66512030703,ask,81990.36000000,0.00024000
2025-04-11 17:56:53.144313,66512030703,ask,81990.76000000,0.00053000
2025-04-11 17:56:53.144313,66512030703,ask,81990.96000000,0.00472000
2025-04-11 17:56:53.144313,66512030703,ask,81991.19000000,0.00013000
2025-04-11 17:56:53.144313,66512030703,ask,81991.20000000,0.00007000
2025-04-11 17:56:53.144313,66512030703,ask,81991.63000000,0.00009000
2025-04-11 17:56:53.144313,66512030703,ask,81991.72000000,0.01305000
2025-04-11 17:56:53.144313,66512030703,ask,81991.87000000,0.00013000
2025-04-11 17:56:53.144313,66512030703,ask,81992.00000000,0.06457000
2025-04-11 17:56:53.243967,66512030896,bid,81988.76000000,4.40864000
2025-04-11 17:56:53.243967,66512030896,bid,81988.75000000,0.00032000
2025-04-11 17:56:53.243967,66512030896,bid,81988.61000000,0.00007000
2025-04-11 17:56:53.243967,66512030896,bid,81988.28000000,0.00209000
2025-04-11 17:56:53.243967,66512030896,bid,81988.02000000,0.52160000
2025-04-11 17:56:53.243967,66512030896,bid,81988.01000000,0.00007000
2025-04-11 17:56:53.243967,66512030896,bid,81988.00000000,0.06261000
2025-04-11 17:56:53.243967,66512030896,bid,81986.91000000,0.02444000
2025-04-11 17:56:53.243967,66512030896,bid,81986.56000000,0.00007000
2025-04-11 17:56:53.243967,66512030896,bid,81986.00000000,0.06261000
2025-04-11 17:56:53.243967,66512030896,bid,81985.89000000,0.07859000
2025-04-11 17:56:53.243967,66512030896,bid,81985.81000000,0.01152000
2025-04-11 17:56:53.243967,66512030896,bid,81984.77000000,0.00007000
2025-04-11 17:56:53.243967,66512030896,bid,81984.23000000,0.04110000
2025-04-11 17:56:53.243967,66512030896,bid,81984.12000000,0.39131000
2025-04-11 17:56:53.243967,66512030896,bid,81984.00000000,0.06254000
2025-04-11 17:56:53.243967,66512030896,bid,81983.99000000,0.00007000
2025-04-11 17:56:53.243967,66512030896,bid,81983.98000000,1.06423000
2025-04-11 17:56:53.243967,66512030896,bid,81983.85000000,0.00012000
2025-04-11 17:56:53.243967,66512030896,bid,81983.79000000,0.09073000
2025-04-11 17:56:53.243967,66512030896,ask,81988.77000000,0.01513000
2025-04-11 17:56:53.243967,66512030896,ask,81988.78000000,0.00031000
2025-04-11 17:56:53.243967,66512030896,ask,81988.79000000,0.00286000
2025-04-11 17:56:53.243967,66512030896,ask,81989.17000000,0.00208000
2025-04-11 17:56:53.243967,66512030896,ask,81989.47000000,0.00007000
2025-04-11 17:56:53.243967,66512030896,ask,81989.55000000,0.00014000
2025-04-11 17:56:53.243967,66512030896,ask,81989.57000000,0.00007000
2025-04-11 17:56:53.243967,66512030896,ask,81989.90000000,0.00007000
2025-04-11 17:56:53.243967,66512030896,ask,81989.96000000,0.00085000
2025-04-11 17:56:53.243967,66512030896,ask,81990.36000000,0.00024000
2025-04-11 17:56:53.243967,66512030896,ask,81990.38000000,0.00007000
2025-04-11 17:56:53.243967,66512030896,ask,81990.76000000,0.00053000
2025-04-11 17:56:53.243967,66512030896,ask,81991.19000000,0.00013000
2025-04-11 17:56:53.243967,66512030896,ask,81991.20000000,0.00007000
2025-04-11 17:56:53.243967,66512030896,ask,81991.63000000,0.00009000
2025-04-11 17:56:53.243967,66512030896,ask,81991.72000000,0.01305000
2025-04-11 17:56:53.243967,66512030896,ask,81991.87000000,0.00013000
2025-04-11 17:56:53.243967,66512030896,ask,81992.00000000,0.06457000
2025-04-11 17:56:53.243967,66512030896,ask,81992.60000000,0.00300000
2025-04-11 17:56:53.243967,66512030896,ask,81992.65000000,0.00010000
2025-04-11 17:56:53.340741,66512031354,bid,81991.99000000,5.61352000
2025-04-11 17:56:53.340741,66512031354,bid,81991.98000000,0.00031000
2025-04-11 17:56:53.340741,66512031354,bid,81991.21000000,0.00007000
2025-04-11 17:56:53.340741,66512031354,bid,81990.00000000,0.06261000
2025-04-11 17:56:53.340741,66512031354,bid,81989.04000000,0.01161000
2025-04-11 17:56:53.340741,66512031354,bid,81988.98000000,0.35990000
2025-04-11 17:56:53.340741,66512031354,bid,81988.77000000,1.65878000
2025-04-11 17:56:53.340741,66512031354,bid,81988.76000000,0.69378000
2025-04-11 17:56:53.340741,66512031354,bid,81988.28000000,0.00202000
2025-04-11 17:56:53.340741,66512031354,bid,81988.00000000,0.06261000
2025-04-11 17:56:53.340741,66512031354,bid,81986.99000000,0.01735000
2025-04-11 17:56:53.340741,66512031354,bid,81986.91000000,0.02437000
2025-04-11 17:56:53.340741,66512031354,bid,81986.56000000,0.00007000
2025-04-11 17:56:53.340741,66512031354,bid,81986.00000000,0.06254000
2025-04-11 17:56:53.340741,66512031354,bid,81985.89000000,0.07852000
2025-04-11 17:56:53.340741,66512031354,bid,81985.44000000,0.00243000
2025-04-11 17:56:53.340741,66512031354,bid,81984.23000000,0.04110000
2025-04-11 17:56:53.340741,66512031354,bid,81984.13000000,0.48792000
2025-04-11 17:56:53.340741,66512031354,bid,81984.12000000,0.39124000
2025-04-11 17:56:53.340741,66512031354,bid,81984.00000000,0.06240000
2025-04-11 17:56:53.340741,66512031354,ask,81992.00000000,0.00706000
2025-04-11 17:56:53.340741,66512031354,ask,81992.01000000,0.00104000
2025-04-11 17:56:53.340741,66512031354,ask,81992.59000000,0.00045000
2025-04-11 17:56:53.340741,66512031354,ask,81992.60000000,0.00307000
2025-04-11 17:56:53.340741,66512031354,ask,81992.65000000,0.00007000
2025-04-11 17:56:53.340741,66512031354,ask,81992.84000000,0.00014000
2025-04-11 17:56:53.340741,66512031354,ask,81993.03000000,0.00007000
2025-04-11 17:56:53.340741,66512031354,ask,81993.04000000,0.00007000
2025-04-11 17:56:53.340741,66512031354,ask,81993.52000000,0.00007000
2025-04-11 17:56:53.340741,66512031354,ask,81993.68000000,0.00012000
2025-04-11 17:56:53.340741,66512031354,ask,81995.22000000,0.00015000
2025-04-11 17:56:53.340741,66512031354,ask,81995.23000000,0.00472000
2025-04-11 17:56:53.340741,66512031354,ask,81995.91000000,0.00013000
2025-04-11 17:56:53.340741,66512031354,ask,81996.00000000,0.06464000
2025-04-11 17:56:53.340741,66512031354,ask,81996.92000000,0.00037000
2025-04-11 17:56:53.340741,66512031354,ask,81997.00000000,0.01951000
2025-04-11 17:56:53.340741,66512031354,ask,81997.21000000,0.00007000
2025-04-11 17:56:53.340741,66512031354,ask,81998.36000000,0.00007000
2025-04-11 17:56:53.340741,66512031354,ask,81998.55000000,0.00243000
2025-04-11 17:56:53.340741,66512031354,ask,81998.62000000,0.00064000
2025-04-11 17:56:53.444455,66512032085,bid,81995.99000000,5.52837000
2025-04-11 17:56:53.444455,66512032085,bid,81995.90000000,0.45021000
2025-04-11 17:56:53.444455,66512032085,bid,81995.32000000,0.00007000
2025-04-11 17:56:53.444455,66512032085,bid,81995.22000000,0.00007000
2025-04-11 17:56:53.444455,66512032085,bid,81995.21000000,0.00014000
2025-04-11 17:56:53.444455,66512032085,bid,81994.00000000,0.06261000
2025-04-11 17:56:53.444455,66512032085,bid,81993.67000000,0.04087000
2025-04-11 17:56:53.444455,66512032085,bid,81993.51000000,0.00007000
2025-04-11 17:56:53.444455,66512032085,bid,81992.83000000,0.00007000
2025-04-11 17:56:53.444455,66512032085,bid,81992.64000000,0.04326000
2025-04-11 17:56:53.444455,66512032085,bid,81992.59000000,0.00007000
2025-04-11 17:56:53.444455,66512032085,bid,81992.58000000,0.08061000
2025-04-11 17:56:53.444455,66512032085,bid,81992.21000000,0.35983000
2025-04-11 17:56:53.444455,66512032085,bid,81992.00000000,1.50721000
2025-04-11 17:56:53.444455,66512032085,bid,81991.99000000,0.30605000
2025-04-11 17:56:53.444455,66512032085,bid,81991.98000000,0.00024000
2025-04-11 17:56:53.444455,66512032085,bid,81991.08000000,0.00012000
2025-04-11 17:56:53.444455,66512032085,bid,81990.00000000,0.06254000
2025-04-11 17:56:53.444455,66512032085,bid,81989.31000000,0.02394000
2025-04-11 17:56:53.444455,66512032085,bid,81989.04000000,0.01147000
2025-04-11 17:56:53.444455,66512032085,ask,81996.00000000,0.00704000
2025-04-11 17:56:53.444455,66512032085,ask,81996.01000000,0.00078000
2025-04-11 17:56:53.444455,66512032085,ask,81996.27000000,0.00007000
2025-04-11 17:56:53.444455,66512032085,ask,81996.39000000,0.14532000
2025-04-11 17:56:53.444455,66512032085,ask,81996.91000000,0.00051000
2025-04-11 17:56:53.444455,66512032085,ask,81996.92000000,0.00044000
2025-04-11 17:56:53.444455,66512032085,ask,81997.00000000,0.00007000
2025-04-11 17:56:53.444455,66512032085,ask,81997.21000000,0.00007000
2025-04-11 17:56:53.444455,66512032085,ask,81997.78000000,0.00007000
2025-04-11 17:56:53.444455,66512032085,ask,81998.00000000,0.06254000
2025-04-11 17:56:53.444455,66512032085,ask,81998.62000000,0.00064000
2025-04-11 17:56:53.444455,66512032085,ask,81998.63000000,0.00010000
2025-04-11 17:56:53.444455,66512032085,ask,81999.45000000,0.00473000
2025-04-11 17:56:53.444455,66512032085,ask,81999.93000000,0.73639000
2025-04-11 17:56:53.444455,66512032085,ask,82000.00000000,1.02702000
2025-04-11 17:56:53.444455,66512032085,ask,82000.01000000,1.10095000
2025-04-11 17:56:53.444455,66512032085,ask,82000.02000000,1.48754000
2025-04-11 17:56:53.444455,66512032085,ask,82000.20000000,0.00020000
2025-04-11 17:56:53.444455,66512032085,ask,82000.61000000,0.00013000
2025-04-11 17:56:53.444455,66512032085,ask,82000.65000000,0.13825000
2025-04-11 17:56:53.542962,66512032472,bid,81996.38000000,2.30010000
2025-04-11 17:56:53.542962,66512032472,bid,81996.37000000,0.00031000
2025-04-11 17:56:53.542962,66512032472,bid,81996.26000000,0.00021000
2025-04-11 17:56:53.542962,66512032472,bid,81996.14000000,0.00007000
2025-04-11 17:56:53.542962,66512032472,bid,81996.00000000,2.82034000
2025-04-11 17:56:53.542962,66512032472,bid,81995.99000000,1.15477000
2025-04-11 17:56:53.542962,66512032472,bid,81995.90000000,0.45021000
2025-04-11 17:56:53.542962,66512032472,bid,81995.32000000,0.00007000
2025-04-11 17:56:53.542962,66512032472,bid,81995.21000000,0.00007000
2025-04-11 17:56:53.542962,66512032472,bid,81994.00000000,0.06254000
2025-04-11 17:56:53.542962,66512032472,bid,81993.43000000,0.01154000
2025-04-11 17:56:53.542962,66512032472,bid,81992.83000000,0.00007000
2025-04-11 17:56:53.542962,66512032472,bid,81992.64000000,0.04326000
2025-04-11 17:56:53.542962,66512032472,bid,81992.59000000,0.00007000
2025-04-11 17:56:53.542962,66512032472,bid,81992.58000000,0.08061000
2025-04-11 17:56:53.542962,66512032472,bid,81992.31000000,0.39131000
2025-04-11 17:56:53.542962,66512032472,bid,81992.00000000,0.06254000
2025-04-11 17:56:53.542962,66512032472,bid,81991.99000000,0.26496000
2025-04-11 17:56:53.542962,66512032472,bid,81991.38000000,0.01721000
2025-04-11 17:56:53.542962,66512032472,bid,81991.08000000,0.00012000
2025-04-11 17:56:53.542962,66512032472,ask,81996.39000000,0.40205000
2025-04-11 17:56:53.542962,66512032472,ask,81996.40000000,0.00067000
2025-04-11 17:56:53.542962,66512032472,ask,81996.91000000,0.00007000
2025-04-11 17:56:53.542962,66512032472,ask,81996.92000000,0.00044000
2025-04-11 17:56:53.542962,66512032472,ask,81997.00000000,0.00007000
2025-04-11 17:56:53.542962,66512032472,ask,81997.21000000,0.00007000
2025-04-11 17:56:53.542962,66512032472,ask,81997.78000000,0.00007000
2025-04-11 17:56:53.542962,66512032472,ask,81997.99000000,0.00023000
2025-04-11 17:56:53.542962,66512032472,ask,81998.00000000,0.06254000
2025-04-11 17:56:53.542962,66512032472,ask,81998.62000000,0.00034000
2025-04-11 17:56:53.542962,66512032472,ask,81999.34000000,0.01303000
2025-04-11 17:56:53.542962,66512032472,ask,81999.45000000,0.00473000
2025-04-11 17:56:53.542962,66512032472,ask,81999.92000000,0.52943000
2025-04-11 17:56:53.542962,66512032472,ask,81999.93000000,0.00013000
2025-04-11 17:56:53.542962,66512032472,ask,82000.00000000,1.02252000
2025-04-11 17:56:53.542962,66512032472,ask,82000.01000000,0.80338000
2025-04-11 17:56:53.542962,66512032472,ask,82000.02000000,1.48747000
2025-04-11 17:56:53.542962,66512032472,ask,82000.20000000,0.00020000
2025-04-11 17:56:53.542962,66512032472,ask,82000.24000000,0.00007000
2025-04-11 17:56:53.542962,66512032472,ask,82000.61000000,0.00013000
2025-04-11 17:56:53.642971,66512032567,bid,81996.38000000,2.89574000
2025-04-11 17:56:53.642971,66512032567,bid,81996.37000000,0.00031000
2025-04-11 17:56:53.642971,66512032567,bid,81996.26000000,0.00021000
2025-04-11 17:56:53.642971,66512032567,bid,81996.14000000,0.00007000
2025-04-11 17:56:53.642971,66512032567,bid,81996.01000000,1.24421000
2025-04-11 17:56:53.642971,66512032567,bid,81996.00000000,0.67684000
2025-04-11 17:56:53.642971,66512032567,bid,81995.99000000,1.11367000
2025-04-11 17:56:53.642971,66512032567,bid,81995.90000000,0.45021000
2025-04-11 17:56:53.642971,66512032567,bid,81995.21000000,0.00007000
2025-04-11 17:56:53.642971,66512032567,bid,81994.00000000,0.06254000
2025-04-11 17:56:53.642971,66512032567,bid,81993.43000000,0.01154000
2025-04-11 17:56:53.642971,66512032567,bid,81992.83000000,0.00007000
2025-04-11 17:56:53.642971,66512032567,bid,81992.65000000,0.00034000
2025-04-11 17:56:53.642971,66512032567,bid,81992.64000000,0.04326000
2025-04-11 17:56:53.642971,66512032567,bid,81992.59000000,0.00007000
2025-04-11 17:56:53.642971,66512032567,bid,81992.58000000,0.08061000
2025-04-11 17:56:53.642971,66512032567,bid,81992.31000000,0.39131000
2025-04-11 17:56:53.642971,66512032567,bid,81992.00000000,0.06247000
2025-04-11 17:56:53.642971,66512032567,bid,81991.38000000,0.01721000
2025-04-11 17:56:53.642971,66512032567,bid,81991.08000000,0.00012000
2025-04-11 17:56:53.642971,66512032567,ask,81996.39000000,0.37042000
2025-04-11 17:56:53.642971,66512032567,ask,81996.40000000,0.00067000
2025-04-11 17:56:53.642971,66512032567,ask,81996.91000000,0.00007000
2025-04-11 17:56:53.642971,66512032567,ask,81996.92000000,0.00044000
2025-04-11 17:56:53.642971,66512032567,ask,81997.00000000,0.00007000
2025-04-11 17:56:53.642971,66512032567,ask,81997.21000000,0.00007000
2025-04-11 17:56:53.642971,66512032567,ask,81997.78000000,0.00007000
2025-04-11 17:56:53.642971,66512032567,ask,81997.99000000,0.00023000
2025-04-11 17:56:53.642971,66512032567,ask,81998.00000000,0.06254000
2025-04-11 17:56:53.642971,66512032567,ask,81998.62000000,0.00034000
2025-04-11 17:56:53.642971,66512032567,ask,81999.34000000,0.01303000
2025-04-11 17:56:53.642971,66512032567,ask,81999.45000000,0.00473000
2025-04-11 17:56:53.642971,66512032567,ask,81999.91000000,0.46576000
2025-04-11 17:56:53.642971,66512032567,ask,81999.92000000,0.00027000
2025-04-11 17:56:53.642971,66512032567,ask,81999.93000000,0.00013000
2025-04-11 17:56:53.642971,66512032567,ask,82000.00000000,1.08492000
2025-04-11 17:56:53.642971,66512032567,ask,82000.01000000,0.80338000
2025-04-11 17:56:53.642971,66512032567,ask,82000.02000000,1.48747000
2025-04-11 17:56:53.642971,66512032567,ask,82000.20000000,0.00020000
2025-04-11 17:56:53.642971,66512032567,ask,82000.61000000,0.00013000
2025-04-11 17:56:53.740860,66512032712,bid,81996.38000000,3.60849000
2025-04-11 17:56:53.740860,66512032712,bid,81996.37000000,0.00031000
2025-04-11 17:56:53.740860,66512032712,bid,81996.26000000,0.00014000
2025-04-11 17:56:53.740860,66512032712,bid,81996.14000000,0.00007000
2025-04-11 17:56:53.740860,66512032712,bid,81996.02000000,0.96216000
2025-04-11 17:56:53.740860,66512032712,bid,81996.01000000,0.00007000
2025-04-11 17:56:53.740860,66512032712,bid,81996.00000000,0.67684000
2025-04-11 17:56:53.740860,66512032712,bid,81995.99000000,1.07055000
2025-04-11 17:56:53.740860,66512032712,bid,81995.90000000,0.45014000
2025-04-11 17:56:53.740860,66512032712,bid,81995.21000000,0.00007000
2025-04-11 17:56:53.740860,66512032712,bid,81994.00000000,0.06254000
2025-04-11 17:56:53.740860,66512032712,bid,81993.43000000,0.01154000
2025-04-11 17:56:53.740860,66512032712,bid,81992.65000000,0.00034000
2025-04-11 17:56:53.740860,66512032712,bid,81992.59000000,0.00007000
2025-04-11 17:56:53.740860,66512032712,bid,81992.58000000,0.08061000
2025-04-11 17:56:53.740860,66512032712,bid,81992.31000000,0.39131000
2025-04-11 17:56:53.740860,66512032712,bid,81992.00000000,0.06254000
2025-04-11 17:56:53.740860,66512032712,bid,81991.38000000,0.01721000
2025-04-11 17:56:53.740860,66512032712,bid,81991.08000000,0.00012000
2025-04-11 17:56:53.740860,66512032712,bid,81990.00000000,0.06240000
2025-04-11 17:56:53.740860,66512032712,ask,81996.39000000,0.15895000
2025-04-11 17:56:53.740860,66512032712,ask,81996.40000000,0.00067000
2025-04-11 17:56:53.740860,66512032712,ask,81996.91000000,0.00007000
2025-04-11 17:56:53.740860,66512032712,ask,81996.92000000,0.00044000
2025-04-11 17:56:53.740860,66512032712,ask,81997.00000000,0.00007000
2025-04-11 17:56:53.740860,66512032712,ask,81997.21000000,0.00007000
2025-04-11 17:56:53.740860,66512032712,ask,81997.78000000,0.00007000
2025-04-11 17:56:53.740860,66512032712,ask,81997.99000000,0.00023000
2025-04-11 17:56:53.740860,66512032712,ask,81998.00000000,0.06254000
2025-04-11 17:56:53.740860,66512032712,ask,81998.62000000,0.00034000
2025-04-11 17:56:53.740860,66512032712,ask,81999.34000000,0.01303000
2025-04-11 17:56:53.740860,66512032712,ask,81999.45000000,0.00473000
2025-04-11 17:56:53.740860,66512032712,ask,81999.91000000,0.32570000
2025-04-11 17:56:53.740860,66512032712,ask,81999.92000000,0.00027000
2025-04-11 17:56:53.740860,66512032712,ask,81999.93000000,0.00013000
2025-04-11 17:56:53.740860,66512032712,ask,82000.00000000,1.08492000
2025-04-11 17:56:53.740860,66512032712,ask,82000.01000000,0.80338000
2025-04-11 17:56:53.740860,66512032712,ask,82000.02000000,1.48747000
2025-04-11 17:56:53.740860,66512032712,ask,82000.20000000,0.00020000
2025-04-11 17:56:53.740860,66512032712,ask,82000.61000000,0.00013000
2025-04-11 17:56:53.842967,66512032753,bid,81996.38000000,3.60866000
2025-04-11 17:56:53.842967,66512032753,bid,81996.37000000,0.00031000
2025-04-11 17:56:53.842967,66512032753,bid,81996.26000000,0.00014000
2025-04-11 17:56:53.842967,66512032753,bid,81996.03000000,0.79092000
2025-04-11 17:56:53.842967,66512032753,bid,81996.02000000,0.00007000
2025-04-11 17:56:53.842967,66512032753,bid,81996.01000000,0.00007000
2025-04-11 17:56:53.842967,66512032753,bid,81996.00000000,0.67684000
2025-04-11 17:56:53.842967,66512032753,bid,81995.99000000,1.07055000
2025-04-11 17:56:53.842967,66512032753,bid,81995.90000000,0.45014000
2025-04-11 17:56:53.842967,66512032753,bid,81995.21000000,0.00007000
2025-04-11 17:56:53.842967,66512032753,bid,81994.00000000,0.06254000
2025-04-11 17:56:53.842967,66512032753,bid,81993.43000000,0.01154000
2025-04-11 17:56:53.842967,66512032753,bid,81992.65000000,0.00034000
2025-04-11 17:56:53.842967,66512032753,bid,81992.59000000,0.00007000
2025-04-11 17:56:53.842967,66512032753,bid,81992.58000000,0.08061000
2025-04-11 17:56:53.842967,66512032753,bid,81992.31000000,0.39131000
2025-04-11 17:56:53.842967,66512032753,bid,81992.00000000,0.06254000
2025-04-11 17:56:53.842967,66512032753,bid,81991.38000000,0.01728000
2025-04-11 17:56:53.842967,66512032753,bid,81991.08000000,0.00012000
2025-04-11 17:56:53.842967,66512032753,bid,81990.00000000,0.06240000
2025-04-11 17:56:53.842967,66512032753,ask,81996.39000000,0.41304000
2025-04-11 17:56:53.842967,66512032753,ask,81996.40000000,0.00067000
2025-04-11 17:56:53.842967,66512032753,ask,81996.91000000,0.00007000
2025-04-11 17:56:53.842967,66512032753,ask,81996.92000000,0.00044000
2025-04-11 17:56:53.842967,66512032753,ask,81997.00000000,0.00007000
2025-04-11 17:56:53.842967,66512032753,ask,81997.21000000,0.00007000
2025-04-11 17:56:53.842967,66512032753,ask,81997.78000000,0.00007000
2025-04-11 17:56:53.842967,66512032753,ask,81997.99000000,0.00023000
2025-04-11 17:56:53.842967,66512032753,ask,81998.00000000,0.06254000
2025-04-11 17:56:53.842967,66512032753,ask,81998.62000000,0.00034000
2025-04-11 17:56:53.842967,66512032753,ask,81999.34000000,0.01303000
2025-04-11 17:56:53.842967,66512032753,ask,81999.45000000,0.00473000
2025-04-11 17:56:53.842967,66512032753,ask,81999.91000000,0.32570000
2025-04-11 17:56:53.842967,66512032753,ask,81999.92000000,0.00027000
2025-04-11 17:56:53.842967,66512032753,ask,81999.93000000,0.00013000
2025-04-11 17:56:53.842967,66512032753,ask,82000.00000000,1.08492000
2025-04-11 17:56:53.842967,66512032753,ask,82000.01000000,0.80338000
2025-04-11 17:56:53.842967,66512032753,ask,82000.02000000,1.48747000
2025-04-11 17:56:53.842967,66512032753,ask,82000.20000000,0.00020000
2025-04-11 17:56:53.842967,66512032753,ask,82000.61000000,0.00013000
2025-04-11 17:56:53.944571,66512032964,bid,81996.38000000,3.96627000
2025-04-11 17:56:53.944571,66512032964,bid,81996.37000000,0.00031000
2025-04-11 17:56:53.944571,66512032964,bid,81996.26000000,0.00014000
2025-04-11 17:56:53.944571,66512032964,bid,81996.03000000,0.79092000
2025-04-11 17:56:53.944571,66512032964,bid,81996.02000000,0.00007000
2025-04-11 17:56:53.944571,66512032964,bid,81996.01000000,0.00007000
2025-04-11 17:56:53.944571,66512032964,bid,81996.00000000,0.67684000
2025-04-11 17:56:53.944571,66512032964,bid,81995.99000000,1.07055000
2025-04-11 17:56:53.944571,66512032964,bid,81995.90000000,0.45014000
2025-04-11 17:56:53.944571,66512032964,bid,81995.21000000,0.00007000
2025-04-11 17:56:53.944571,66512032964,bid,81994.00000000,0.06254000
2025-04-11 17:56:53.944571,66512032964,bid,81993.43000000,0.01154000
2025-04-11 17:56:53.944571,66512032964,bid,81992.79000000,0.00047000
2025-04-11 17:56:53.944571,66512032964,bid,81992.65000000,0.00034000
2025-04-11 17:56:53.944571,66512032964,bid,81992.59000000,0.00007000
2025-04-11 17:56:53.944571,66512032964,bid,81992.58000000,0.08061000
2025-04-11 17:56:53.944571,66512032964,bid,81992.31000000,0.39131000
2025-04-11 17:56:53.944571,66512032964,bid,81992.00000000,0.06261000
2025-04-11 17:56:53.944571,66512032964,bid,81991.78000000,0.09080000
2025-04-11 17:56:53.944571,66512032964,bid,81991.38000000,0.01721000
2025-04-11 17:56:53.944571,66512032964,ask,81996.39000000,0.00577000
2025-04-11 17:56:53.944571,66512032964,ask,81996.40000000,0.00067000
2025-04-11 17:56:53.944571,66512032964,ask,81996.91000000,0.00007000
2025-04-11 17:56:53.944571,66512032964,ask,81996.92000000,0.00044000
2025-04-11 17:56:53.944571,66512032964,ask,81997.00000000,0.00007000
2025-04-11 17:56:53.944571,66512032964,ask,81997.21000000,0.00007000
2025-04-11 17:56:53.944571,66512032964,ask,81997.78000000,0.00007000
2025-04-11 17:56:53.944571,66512032964,ask,81997.99000000,0.00023000
2025-04-11 17:56:53.944571,66512032964,ask,81998.62000000,0.00034000
2025-04-11 17:56:53.944571,66512032964,ask,81999.34000000,0.01303000
2025-04-11 17:56:53.944571,66512032964,ask,81999.45000000,0.00473000
2025-04-11 17:56:53.944571,66512032964,ask,81999.92000000,0.00027000
2025-04-11 17:56:53.944571,66512032964,ask,81999.93000000,0.00013000
2025-04-11 17:56:53.944571,66512032964,ask,82000.00000000,1.08492000
2025-04-11 17:56:53.944571,66512032964,ask,82000.01000000,0.21094000
2025-04-11 17:56:53.944571,66512032964,ask,82000.02000000,1.48754000
2025-04-11 17:56:53.944571,66512032964,ask,82000.20000000,0.00020000
2025-04-11 17:56:53.944571,66512032964,ask,82000.61000000,0.00013000
2025-04-11 17:56:53.944571,66512032964,ask,82000.65000000,0.13825000
2025-04-11 17:56:53.944571,66512032964,ask,82000.66000000,0.00202000
2025-04-11 17:56:54.043663,66512033409,bid,81999.99000000,4.40885000
2025-04-11 17:56:54.043663,66512033409,bid,81999.43000000,0.00007000
2025-04-11 17:56:54.043663,66512033409,bid,81999.33000000,0.02677000
2025-04-11 17:56:54.043663,66512033409,bid,81998.61000000,0.00014000
2025-04-11 17:56:54.043663,66512033409,bid,81998.00000000,0.06254000
2025-04-11 17:56:54.043663,66512033409,bid,81997.98000000,0.00007000
2025-04-11 17:56:54.043663,66512033409,bid,81997.77000000,0.00007000
2025-04-11 17:56:54.043663,66512033409,bid,81997.20000000,0.00007000
2025-04-11 17:56:54.043663,66512033409,bid,81997.03000000,0.01157000
2025-04-11 17:56:54.043663,66512033409,bid,81996.90000000,0.00007000
2025-04-11 17:56:54.043663,66512033409,bid,81996.39000000,2.43229000
2025-04-11 17:56:54.043663,66512033409,bid,81996.38000000,0.68775000
2025-04-11 17:56:54.043663,66512033409,bid,81996.37000000,0.00024000
2025-04-11 17:56:54.043663,66512033409,bid,81996.26000000,0.00007000
2025-04-11 17:56:54.043663,66512033409,bid,81996.00000000,0.67677000
2025-04-11 17:56:54.043663,66512033409,bid,81995.99000000,0.17618000
2025-04-11 17:56:54.043663,66512033409,bid,81995.90000000,0.45007000
2025-04-11 17:56:54.043663,66512033409,bid,81994.98000000,0.01732000
2025-04-11 17:56:54.043663,66512033409,bid,81994.00000000,0.06240000
2025-04-11 17:56:54.043663,66512033409,bid,81992.79000000,0.00047000
2025-04-11 17:56:54.043663,66512033409,ask,82000.00000000,1.10631000
2025-04-11 17:56:54.043663,66512033409,ask,82000.01000000,0.21101000
2025-04-11 17:56:54.043663,66512033409,ask,82000.02000000,1.48761000
2025-04-11 17:56:54.043663,66512033409,ask,82000.11000000,0.00480000
2025-04-11 17:56:54.043663,66512033409,ask,82000.20000000,0.00027000
2025-04-11 17:56:54.043663,66512033409,ask,82000.61000000,0.00020000
2025-04-11 17:56:54.043663,66512033409,ask,82000.65000000,0.13832000
2025-04-11 17:56:54.043663,66512033409,ask,82000.66000000,0.00209000
2025-04-11 17:56:54.043663,66512033409,ask,82000.89000000,0.00300000
2025-04-11 17:56:54.043663,66512033409,ask,82000.91000000,0.00012000
2025-04-11 17:56:54.043663,66512033409,ask,82001.39000000,0.00007000
2025-04-11 17:56:54.043663,66512033409,ask,82001.87000000,0.00013000
2025-04-11 17:56:54.043663,66512033409,ask,82001.88000000,0.00011000
2025-04-11 17:56:54.043663,66512033409,ask,82001.89000000,0.34048000
2025-04-11 17:56:54.043663,66512033409,ask,82003.20000000,0.00007000
2025-04-11 17:56:54.043663,66512033409,ask,82003.78000000,0.00019000
2025-04-11 17:56:54.043663,66512033409,ask,82004.00000000,0.00210000
2025-04-11 17:56:54.043663,66512033409,ask,82004.18000000,0.00016000
2025-04-11 17:56:54.043663,66512033409,ask,82004.19000000,0.00039000
2025-04-11 17:56:54.043663,66512033409,ask,82004.20000000,0.45007000
2025-04-11 17:56:54.144124,66512033558,bid,81999.99000000,5.24946000
2025-04-11 17:56:54.144124,66512033558,bid,81999.98000000,0.00032000
2025-04-11 17:56:54.144124,66512033558,bid,81999.43000000,0.00007000
2025-04-11 17:56:54.144124,66512033558,bid,81999.33000000,0.02684000
2025-04-11 17:56:54.144124,66512033558,bid,81998.61000000,0.00021000
2025-04-11 17:56:54.144124,66512033558,bid,81998.00000000,0.06261000
2025-04-11 17:56:54.144124,66512033558,bid,81997.98000000,0.00007000
2025-04-11 17:56:54.144124,66512033558,bid,81997.77000000,0.00007000
2025-04-11 17:56:54.144124,66512033558,bid,81997.03000000,0.01157000
2025-04-11 17:56:54.144124,66512033558,bid,81996.90000000,0.00007000
2025-04-11 17:56:54.144124,66512033558,bid,81996.40000000,1.28154000
2025-04-11 17:56:54.144124,66512033558,bid,81996.39000000,0.39131000
2025-04-11 17:56:54.144124,66512033558,bid,81996.38000000,0.26560000
2025-04-11 17:56:54.144124,66512033558,bid,81996.26000000,0.00007000
2025-04-11 17:56:54.144124,66512033558,bid,81996.00000000,0.67677000
2025-04-11 17:56:54.144124,66512033558,bid,81995.99000000,0.17625000
2025-04-11 17:56:54.144124,66512033558,bid,81995.90000000,0.45014000
2025-04-11 17:56:54.144124,66512033558,bid,81994.98000000,0.01732000
2025-04-11 17:56:54.144124,66512033558,bid,81994.00000000,0.06240000
2025-04-11 17:56:54.144124,66512033558,bid,81992.79000000,0.00047000
2025-04-11 17:56:54.144124,66512033558,ask,82000.00000000,1.04563000
2025-04-11 17:56:54.144124,66512033558,ask,82000.01000000,0.21125000
2025-04-11 17:56:54.144124,66512033558,ask,82000.02000000,1.48761000
2025-04-11 17:56:54.144124,66512033558,ask,82000.11000000,0.00007000
2025-04-11 17:56:54.144124,66512033558,ask,82000.20000000,0.00027000
2025-04-11 17:56:54.144124,66512033558,ask,82000.61000000,0.00020000
2025-04-11 17:56:54.144124,66512033558,ask,82000.65000000,0.13839000
2025-04-11 17:56:54.144124,66512033558,ask,82000.66000000,0.00007000
2025-04-11 17:56:54.144124,66512033558,ask,82000.89000000,0.00300000
2025-04-11 17:56:54.144124,66512033558,ask,82000.91000000,0.00012000
2025-04-11 17:56:54.144124,66512033558,ask,82001.07000000,0.00007000
2025-04-11 17:56:54.144124,66512033558,ask,82001.87000000,0.00013000
2025-04-11 17:56:54.144124,66512033558,ask,82001.88000000,0.00011000
2025-04-11 17:56:54.144124,66512033558,ask,82001.89000000,0.34048000
2025-04-11 17:56:54.144124,66512033558,ask,82002.01000000,0.00727000
2025-04-11 17:56:54.144124,66512033558,ask,82002.76000000,0.00472000
2025-04-11 17:56:54.144124,66512033558,ask,82003.20000000,0.00007000
2025-04-11 17:56:54.144124,66512033558,ask,82003.78000000,0.00019000
2025-04-11 17:56:54.144124,66512033558,ask,82004.00000000,0.06457000
2025-04-11 17:56:54.144124,66512033558,ask,82004.18000000,0.00016000
2025-04-11 17:56:54.240681,66512033626,bid,81999.99000000,5.25172000
2025-04-11 17:56:54.240681,66512033626,bid,81999.98000000,0.00032000
2025-04-11 17:56:54.240681,66512033626,bid,81999.43000000,0.00007000
2025-04-11 17:56:54.240681,66512033626,bid,81999.33000000,0.02684000
2025-04-11 17:56:54.240681,66512033626,bid,81998.61000000,0.00021000
2025-04-11 17:56:54.240681,66512033626,bid,81998.00000000,0.06254000
2025-04-11 17:56:54.240681,66512033626,bid,81997.98000000,0.00007000
2025-04-11 17:56:54.240681,66512033626,bid,81997.77000000,0.00007000
2025-04-11 17:56:54.240681,66512033626,bid,81997.03000000,0.01157000
2025-04-11 17:56:54.240681,66512033626,bid,81996.90000000,0.00007000
2025-04-11 17:56:54.240681,66512033626,bid,81996.41000000,0.92697000
2025-04-11 17:56:54.240681,66512033626,bid,81996.40000000,0.00007000
2025-04-11 17:56:54.240681,66512033626,bid,81996.39000000,0.39131000
2025-04-11 17:56:54.240681,66512033626,bid,81996.38000000,0.22771000
2025-04-11 17:56:54.240681,66512033626,bid,81996.26000000,0.00007000
2025-04-11 17:56:54.240681,66512033626,bid,81996.00000000,0.67677000
2025-04-11 17:56:54.240681,66512033626,bid,81995.99000000,0.17625000
2025-04-11 17:56:54.240681,66512033626,bid,81995.90000000,0.45014000
2025-04-11 17:56:54.240681,66512033626,bid,81994.98000000,0.01732000
2025-04-11 17:56:54.240681,66512033626,bid,81994.00000000,0.06240000
2025-04-11 17:56:54.240681,66512033626,ask,82000.00000000,1.04471000
2025-04-11 17:56:54.240681,66512033626,ask,82000.01000000,0.21125000
2025-04-11 17:56:54.240681,66512033626,ask,82000.02000000,1.48761000
2025-04-11 17:56:54.240681,66512033626,ask,82000.11000000,0.00007000
2025-04-11 17:56:54.240681,66512033626,ask,82000.20000000,0.00027000
2025-04-11 17:56:54.240681,66512033626,ask,82000.61000000,0.00020000
2025-04-11 17:56:54.240681,66512033626,ask,82000.65000000,0.13839000
2025-04-11 17:56:54.240681,66512033626,ask,82000.66000000,0.00007000
2025-04-11 17:56:54.240681,66512033626,ask,82000.89000000,0.00300000
2025-04-11 17:56:54.240681,66512033626,ask,82000.91000000,0.00012000
2025-04-11 17:56:54.240681,66512033626,ask,82001.07000000,0.00007000
2025-04-11 17:56:54.240681,66512033626,ask,82001.87000000,0.00013000
2025-04-11 17:56:54.240681,66512033626,ask,82001.88000000,0.00011000
2025-04-11 17:56:54.240681,66512033626,ask,82001.89000000,0.34048000
2025-04-11 17:56:54.240681,66512033626,ask,82002.01000000,0.00727000
2025-04-11 17:56:54.240681,66512033626,ask,82002.76000000,0.00472000
2025-04-11 17:56:54.240681,66512033626,ask,82002.96000000,0.01300000
2025-04-11 17:56:54.240681,66512033626,ask,82003.20000000,0.00007000
2025-04-11 17:56:54.240681,66512033626,ask,82003.78000000,0.00019000
2025-04-11 17:56:54.240681,66512033626,ask,82004.00000000,0.06457000
2025-04-11 17:56:54.340597,66512033738,bid,81999.99000000,5.43567000
2025-04-11 17:56:54.340597,66512033738,bid,81999.98000000,0.00032000
2025-04-11 17:56:54.340597,66512033738,bid,81999.43000000,0.00007000
2025-04-11 17:56:54.340597,66512033738,bid,81999.33000000,0.02684000
2025-04-11 17:56:54.340597,66512033738,bid,81998.61000000,0.00021000
2025-04-11 17:56:54.340597,66512033738,bid,81998.00000000,0.06254000
2025-04-11 17:56:54.340597,66512033738,bid,81997.98000000,0.00007000
2025-04-11 17:56:54.340597,66512033738,bid,81997.77000000,0.00007000
2025-04-11 17:56:54.340597,66512033738,bid,81997.03000000,0.01157000
2025-04-11 17:56:54.340597,66512033738,bid,81996.90000000,0.00007000
2025-04-11 17:56:54.340597,66512033738,bid,81996.42000000,0.80925000
2025-04-11 17:56:54.340597,66512033738,bid,81996.40000000,0.00007000
2025-04-11 17:56:54.340597,66512033738,bid,81996.39000000,0.39131000
2025-04-11 17:56:54.340597,66512033738,bid,81996.38000000,0.21750000
2025-04-11 17:56:54.340597,66512033738,bid,81996.26000000,0.00007000
2025-04-11 17:56:54.340597,66512033738,bid,81996.00000000,0.67677000
2025-04-11 17:56:54.340597,66512033738,bid,81995.99000000,0.04225000
2025-04-11 17:56:54.340597,66512033738,bid,81995.90000000,0.45014000
2025-04-11 17:56:54.340597,66512033738,bid,81994.98000000,0.01725000
2025-04-11 17:56:54.340597,66512033738,bid,81994.00000000,0.06240000
2025-04-11 17:56:54.340597,66512033738,ask,82000.00000000,1.04471000
2025-04-11 17:56:54.340597,66512033738,ask,82000.01000000,0.21125000
2025-04-11 17:56:54.340597,66512033738,ask,82000.02000000,1.48761000
2025-04-11 17:56:54.340597,66512033738,ask,82000.11000000,0.00007000
2025-04-11 17:56:54.340597,66512033738,ask,82000.20000000,0.00027000
2025-04-11 17:56:54.340597,66512033738,ask,82000.61000000,0.00020000
2025-04-11 17:56:54.340597,66512033738,ask,82000.65000000,0.13839000
2025-04-11 17:56:54.340597,66512033738,ask,82000.66000000,0.00007000
2025-04-11 17:56:54.340597,66512033738,ask,82000.89000000,0.00300000
2025-04-11 17:56:54.340597,66512033738,ask,82000.91000000,0.00012000
2025-04-11 17:56:54.340597,66512033738,ask,82001.07000000,0.00007000
2025-04-11 17:56:54.340597,66512033738,ask,82001.87000000,0.00013000
2025-04-11 17:56:54.340597,66512033738,ask,82001.88000000,0.00011000
2025-04-11 17:56:54.340597,66512033738,ask,82001.89000000,0.34048000
2025-04-11 17:56:54.340597,66512033738,ask,82002.76000000,0.00472000
2025-04-11 17:56:54.340597,66512033738,ask,82002.96000000,0.01300000
2025-04-11 17:56:54.340597,66512033738,ask,82003.20000000,0.00007000
2025-04-11 17:56:54.340597,66512033738,ask,82003.78000000,0.00019000
2025-04-11 17:56:54.340597,66512033738,ask,82004.00000000,0.06457000
2025-04-11 17:56:54.340597,66512033738,ask,82004.18000000,0.00016000
2025-04-11 17:56:54.444299,66512034694,bid,82000.64000000,6.93717000
2025-04-11 17:56:54.444299,66512034694,bid,82000.61000000,0.80546000
2025-04-11 17:56:54.444299,66512034694,bid,82000.60000000,0.04021000
2025-04-11 17:56:54.444299,66512034694,bid,82000.35000000,0.00045000
2025-04-11 17:56:54.444299,66512034694,bid,82000.19000000,0.00007000
2025-04-11 17:56:54.444299,66512034694,bid,82000.13000000,0.00007000
2025-04-11 17:56:54.444299,66512034694,bid,82000.11000000,0.00007000
2025-04-11 17:56:54.444299,66512034694,bid,82000.10000000,0.00007000
2025-04-11 17:56:54.444299,66512034694,bid,82000.01000000,0.00014000
2025-04-11 17:56:54.444299,66512034694,bid,82000.00000000,0.45378000
2025-04-11 17:56:54.444299,66512034694,bid,81999.99000000,0.68069000
2025-04-11 17:56:54.444299,66512034694,bid,81999.98000000,0.00025000
2025-04-11 17:56:54.444299,66512034694,bid,81999.63000000,0.09087000
2025-04-11 17:56:54.444299,66512034694,bid,81998.61000000,0.00014000
2025-04-11 17:56:54.444299,66512034694,bid,81998.00000000,0.06254000
2025-04-11 17:56:54.444299,66512034694,bid,81997.64000000,0.01156000
2025-04-11 17:56:54.444299,66512034694,bid,81996.39000000,0.39131000
2025-04-11 17:56:54.444299,66512034694,bid,81996.38000000,0.04843000
2025-04-11 17:56:54.444299,66512034694,bid,81996.00000000,0.67670000
2025-04-11 17:56:54.444299,66512034694,bid,81995.90000000,0.45000000
2025-04-11 17:56:54.444299,66512034694,ask,82000.65000000,0.00528000
2025-04-11 17:56:54.444299,66512034694,ask,82000.66000000,0.00007000
2025-04-11 17:56:54.444299,66512034694,ask,82000.89000000,0.00007000
2025-04-11 17:56:54.444299,66512034694,ask,82000.91000000,0.00019000
2025-04-11 17:56:54.444299,66512034694,ask,82001.07000000,0.00014000
2025-04-11 17:56:54.444299,66512034694,ask,82001.87000000,0.00020000
2025-04-11 17:56:54.444299,66512034694,ask,82001.88000000,0.00038000
2025-04-11 17:56:54.444299,66512034694,ask,82001.89000000,0.34055000
2025-04-11 17:56:54.444299,66512034694,ask,82003.20000000,0.00007000
2025-04-11 17:56:54.444299,66512034694,ask,82003.57000000,0.01300000
2025-04-11 17:56:54.444299,66512034694,ask,82003.77000000,0.00012000
2025-04-11 17:56:54.444299,66512034694,ask,82003.78000000,0.00019000
2025-04-11 17:56:54.444299,66512034694,ask,82004.00000000,0.00210000
2025-04-11 17:56:54.444299,66512034694,ask,82004.19000000,0.00039000
2025-04-11 17:56:54.444299,66512034694,ask,82004.27000000,0.00202000
2025-04-11 17:56:54.444299,66512034694,ask,82005.58000000,0.00100000
2025-04-11 17:56:54.444299,66512034694,ask,82005.62000000,0.01953000
2025-04-11 17:56:54.444299,66512034694,ask,82006.00000000,0.06255000
2025-04-11 17:56:54.444299,66512034694,ask,82006.31000000,0.00013000
2025-04-11 17:56:54.444299,66512034694,ask,82006.55000000,0.00243000
2025-04-11 17:56:54.543999,66512035151,bid,82001.88000000,5.08015000
2025-04-11 17:56:54.543999,66512035151,bid,82001.87000000,0.00031000
2025-04-11 17:56:54.543999,66512035151,bid,82001.80000000,0.00208000
2025-04-11 17:56:54.543999,66512035151,bid,82001.17000000,0.07337000
2025-04-11 17:56:54.543999,66512035151,bid,82001.09000000,0.07337000
2025-04-11 17:56:54.543999,66512035151,bid,82001.08000000,0.00007000
2025-04-11 17:56:54.543999,66512035151,bid,82000.86000000,0.35990000
2025-04-11 17:56:54.543999,66512035151,bid,82000.65000000,2.65849000
2025-04-11 17:56:54.543999,66512035151,bid,82000.64000000,0.07192000
2025-04-11 17:56:54.543999,66512035151,bid,82000.60000000,0.04014000
2025-04-11 17:56:54.543999,66512035151,bid,82000.35000000,0.00038000
2025-04-11 17:56:54.543999,66512035151,bid,82000.25000000,0.00007000
2025-04-11 17:56:54.543999,66512035151,bid,82000.01000000,0.00014000
2025-04-11 17:56:54.543999,66512035151,bid,82000.00000000,0.45378000
2025-04-11 17:56:54.543999,66512035151,bid,81999.99000000,0.61310000
2025-04-11 17:56:54.543999,66512035151,bid,81999.63000000,0.09087000
2025-04-11 17:56:54.543999,66512035151,bid,81998.61000000,0.00007000
2025-04-11 17:56:54.543999,66512035151,bid,81998.00000000,0.06240000
2025-04-11 17:56:54.543999,66512035151,bid,81997.64000000,0.01149000
2025-04-11 17:56:54.543999,66512035151,bid,81997.08000000,0.00506000
2025-04-11 17:56:54.543999,66512035151,ask,82001.89000000,0.34553000
2025-04-11 17:56:54.543999,66512035151,ask,82001.90000000,0.00057000
2025-04-11 17:56:54.543999,66512035151,ask,82001.93000000,0.00216000
2025-04-11 17:56:54.543999,66512035151,ask,82002.39000000,0.00209000
2025-04-11 17:56:54.543999,66512035151,ask,82003.20000000,0.00014000
2025-04-11 17:56:54.543999,66512035151,ask,82003.56000000,0.00023000
2025-04-11 17:56:54.543999,66512035151,ask,82003.57000000,0.00007000
2025-04-11 17:56:54.543999,66512035151,ask,82003.77000000,0.00019000
2025-04-11 17:56:54.543999,66512035151,ask,82003.78000000,0.00019000
2025-04-11 17:56:54.543999,66512035151,ask,82004.00000000,0.06464000
2025-04-11 17:56:54.543999,66512035151,ask,82004.19000000,0.00039000
2025-04-11 17:56:54.543999,66512035151,ask,82004.92000000,0.00201000
2025-04-11 17:56:54.543999,66512035151,ask,82004.93000000,0.00909000
2025-04-11 17:56:54.543999,66512035151,ask,82005.57000000,0.00024000
2025-04-11 17:56:54.543999,66512035151,ask,82005.58000000,0.00100000
2025-04-11 17:56:54.543999,66512035151,ask,82006.00000000,0.06255000
2025-04-11 17:56:54.543999,66512035151,ask,82006.31000000,0.00013000
2025-04-11 17:56:54.543999,66512035151,ask,82006.81000000,0.00042000
2025-04-11 17:56:54.543999,66512035151,ask,82006.96000000,0.00044000
2025-04-11 17:56:54.543999,66512035151,ask,82006.97000000,0.00032000
2025-04-11 17:56:54.643944,66512035307,bid,82001.88000000,5.90800000
2025-04-11 17:56:54.643944,66512035307,bid,82001.87000000,0.00031000
2025-04-11 17:56:54.643944,66512035307,bid,82001.80000000,0.00208000
2025-04-11 17:56:54.643944,66512035307,bid,82001.74000000,0.07337000
2025-04-11 17:56:54.643944,66512035307,bid,82001.17000000,0.07337000
2025-04-11 17:56:54.643944,66512035307,bid,82001.09000000,0.07337000
2025-04-11 17:56:54.643944,66512035307,bid,82001.08000000,0.00007000
2025-04-11 17:56:54.643944,66512035307,bid,82000.86000000,0.00014000
2025-04-11 17:56:54.643944,66512035307,bid,82000.79000000,0.07330000
2025-04-11 17:56:54.643944,66512035307,bid,82000.66000000,1.45479000
2025-04-11 17:56:54.643944,66512035307,bid,82000.65000000,0.92891000
2025-04-11 17:56:54.643944,66512035307,bid,82000.64000000,0.04687000
2025-04-11 17:56:54.643944,66512035307,bid,82000.60000000,0.04014000
2025-04-11 17:56:54.643944,66512035307,bid,82000.35000000,0.00038000
2025-04-11 17:56:54.643944,66512035307,bid,82000.25000000,0.00007000
2025-04-11 17:56:54.643944,66512035307,bid,82000.01000000,0.00014000
2025-04-11 17:56:54.643944,66512035307,bid,82000.00000000,0.45378000
2025-04-11 17:56:54.643944,66512035307,bid,81999.99000000,0.48440000
2025-04-11 17:56:54.643944,66512035307,bid,81999.63000000,0.09073000
2025-04-11 17:56:54.643944,66512035307,bid,81998.92000000,0.01149000
2025-04-11 17:56:54.643944,66512035307,ask,82001.89000000,0.34814000
2025-04-11 17:56:54.643944,66512035307,ask,82001.90000000,0.00057000
2025-04-11 17:56:54.643944,66512035307,ask,82001.93000000,0.00216000
2025-04-11 17:56:54.643944,66512035307,ask,82002.39000000,0.00209000
2025-04-11 17:56:54.643944,66512035307,ask,82003.20000000,0.00014000
2025-04-11 17:56:54.643944,66512035307,ask,82003.56000000,0.00023000
2025-04-11 17:56:54.643944,66512035307,ask,82003.57000000,0.00007000
